1945 3256
581 183 636 216 DE
658 182 802 216 VARIIS
826 184 1027 215 BORBONII
1050 184 1251 217 SCRIPTIS.

455 259 548 297 Quos
570 257 705 291 tumulo
726 258 830 290 tellus
847 257 1097 301 Vandoperana
1115 260 1218 301 tegit:

416 307 505 338 Dum
527 304 589 338 tibi
609 314 644 337 se
667 304 826 346 indulget
844 305 950 337 breve
970 315 1032 337 ver
1054 310 1086 338 et
1107 306 1233 338 llexilis
1257 310 1338 340 aetas

455 353 639 394 Aureaque
661 355 695 383 et
713 361 892 394 nunquam
914 362 992 395 quae
1014 351 1164 385 reditura
1187 353 1285 396 sugit,

414 398 494 436 Oro,
517 402 556 430 ut
577 399 625 430 sic
648 398 756 430 Musis
778 398 903 436 inhies,
926 399 979 431 sic
1000 398 1114 431 oderis
1136 409 1277 432 omnem

458 444 645 483 Desidiam,
669 445 848 487 ingenium
872 446 920 477 sie
942 446 1073 488 puerile
1091 456 1201 488 regas,

411 492 542 526 Clarius
562 495 600 524 ut
622 490 745 523 reddas
768 495 925 524 nostrum
958 503 1155 536 nomenque
1180 504 1374 538 genusque,

456 538 628 571 Borbonio
651 538 772 570 melior
790 538 893 571 fratre
915 543 1017 581 poeta
1041 544 1112 572 tuo.

415 587 499 628 Spes
519 586 590 618 fore
610 588 644 617 te
667 594 830 626 magnum
855 586 937 617 mihi
962 586 1067 619 multa
1089 586 1251 629 adfingat,
1275 592 1306 622 et
1328 600 1450 623 omncs

457 633 519 671 Qui
540 632 689 665 veniunt
708 632 811 664 istinc
831 633 948 665 omnia
964 633 1042 666 laeta
1060 639 1199 668 canunt.

415 681 461 714 Te
483 680 639 712 referunt
655 682 774 711 natum
797 678 840 710 ad
861 680 976 712 Musas
998 683 1031 712 et
1054 681 1094 713 ad
1116 683 1232 714 omnia
1256 693 1402 723 summa,

460 727 504 759 Te
526 736 672 769 puerum
696 726 818 759 dicunt
836 726 963 759 indolis
985 737 1062 760 esse
1084 728 1215 771 probae.

419 774 459 805 Et
483 773 553 805 Dea
577 772 784 815 posthabitis
807 777 858 813 (ut
880 774 969 806 sama
991 777 1055 816 est)
1076 775 1188 808 Pallas
1209 777 1355 810 Athenis

462 819 562 853 Urbis
578 820 775 861 Lingonicae
795 820 899 863 eoepit
920 831 1034 853 amare
1055 821 1181 855 solum.

427 866 524 901 Unde
546 867 623 899 istie
644 868 761 909 lingua
782 866 902 900 doctos
918 872 1064 911 utraque
1084 870 1267 911 magistros

464 913 573 947 Audis
593 927 600 945 ε
628 913 663 946 id
680 913 773 957 quod
794 923 865 946 11011
883 914 949 946 fata
964 914 1088 948 dedere
1110 918 1206 949 mihi.

418 960 598 994 Barbaries
619 962 747 993 etenim
770 964 840 993 toto
860 961 1026 1002 regnabat
1044 963 1079 994 iu
1104 962 1196 1000 orbe,

469 1009 520 1040 Me
542 1017 661 1050 puero,
695 1011 727 1040 et
746 1008 862 1040 erce
882 1008 1012 1041 discere
1034 1010 1165 1042 crimen
1186 1014 1267 1043 erat.

416 1056 526 1094 Quare
548 1065 621 1097 age,
646 1055 691 1087 mi
713 1055 825 1092 frater,
850 1055 900 1088 sac
920 1054 1014 1097 quod
1036 1056 1129 1095 sacis,
1149 1057 1294 1100 impiger
1315 1059 1404 1093 aude

438 1110 445 1115 ⁵
483 1102 564 1135 Esse
584 1102 714 1146 aliquid
739 1113 744 1133 :
770 1102 818 1135 sic
839 1103 901 1141 vir,
927 1104 974 1135 sic
995 1104 1062 1135 eris
1083 1103 1170 1137 alter
1190 1114 1252 1146 ego
1272 1106 1294 1138 ¹.

553 1299 606 1334 lV.
630 1320 666 1325 —
687 1299 842 1334 Carmina
863 1300 1027 1334 Borbonii
1051 1302 1092 1335 ad
1112 1301 1306 1336 Rubellam.

210 2307 234 2339 l.
256 2305 373 2348 Nuyce,
396 2305 435 2347 V,
458 2307 524 2339 11¹5.

524 2427 614 2454 Aurea
634 2425 771 2458 Clesus-ies,
794 2435 809 2453 ο
830 2426 938 2453 roscida
959 2425 1035 2453 labra
1055 2430 1080 2453 el
1100 2427 1179 2455 ocelli

565 2469 672 2500 Blandi,
694 2478 709 2495 0
730 2469 805 2495 frons
826 2468 922 2495 hilaris
942 2477 1146 2504 purpurea-que
1167 2479 1255 2505 genui,

510 2509 531 2536 Ο
553 2509 666 2537 niveum
688 2513 717 2536 111
740 2510 820 2545 cycni
841 2510 943 2536 collum
965 2511 1125 2545 strictaeque
1146 2512 1285 2543 mamillzr,

563 2551 584 2578 Α
607 2552 681 2577 calce
702 2552 735 2577 nd
756 2560 899 2578 summum
921 2560 937 2578 0
957 2552 1030 2578 bella
1050 2552 1167 2579 Rubella
1187 2553 1285 2587 pilum,

510 2592 572 2619 Non
593 2593 706 2624 mirum,
729 2595 754 2619 te
774 2593 941 2623 Borbonius,
963 2593 986 2619 si
1001 2593 1108 2627 deperit
1127 2595 1210 2628 atque

568 2633 632 2660 Vult
653 2634 839 2661 immortalem
861 2635 990 2660 versibus
1010 2635 1070 2669 ipse
1091 2635 1148 2661 suis
1172 2642 1177 2661 ι

498 2675 626 2710 Juppiler
648 2675 707 2709 ipse
728 2676 763 2701 ol)
788 2678 813 2702 le
834 2675 928 2709 cupiat
949 2675 1120 2702 descendere
1142 2675 1271 2711 Olympo,

566 2716 607 2743 Ob
627 2718 653 2743 te
675 2717 777 2743 iterum
798 2716 858 2743 ficri
879 2717 939 2748 bos,
962 2716 1007 2743 vel
1027 2716 1138 2744 adulter
1156 2717 1226 2744 olor.

203 2822 243 2857 In
264 2824 415 2858 editione
430 2824 639 2867 Gryphiana‚
662 2835 694 2868 p.
717 2827 752 2858 r13
774 2825 874 2858 Poeta
886 2826 929 2857 ad
950 2825 1123 2858 Rubellam
1142 2825 1303 2858 Borbonii
1318 2827 1471 2859 amicam.

203 2875 233 2905 3.
252 2872 369 2913 Nu9ae‚
393 2871 544 2914 Epistola
566 2871 610 2904 ad
630 2872 784 2905 Stellam.

204 2921 234 2951 4.
260 2919 400 2951 Tabelloe
420 2919 654 2960 elementariae,
672 2919 835 2953 Nicolaus
860 2920 1056 2954 Borbonius
1076 2919 1232 2953 Rubellae
1256 2919 1381 2962 puellae
1396 2920 1606 2956 lectissimaea

205 2967 235 2998 5.
258 2965 374 3007 Nuyae,
399 2965 485 3006 VIII,
508 2968 578 2999 153.

1674 194 1710 205 ιμ-

1673 206 1712 224 00

217 1469 391 1523 Scripsit
421 1471 607 1510 carmina
633 1471 815 1523 plurima
848 1471 889 1509 in
911 1471 1061 1522 quibus
1090 1472 1328 1513 decantavit
1354 1476 1534 1526 puellam
1558 1480 1725 1519 nomine

136 1534 369 1581 Rubellam,
393 1546 519 1585 quam
536 1533 643 1572 miro
665 1533 815 1572 al'sectu
838 1533 1032 1572 dilexisse
1052 1535 1229 1574 videtur.
1254 1538 1303 1574 Et
1324 1537 1395 1576 illa
1409 1539 1577 1590 quidem
1599 1542 1726 1593 digna

137 1602 226 1638 erat
247 1611 338 1650 quae
360 1601 598 1637 amaretur:
628 1610 726 1636 nam
749 1598 858 1636 bella
883 1601 971 1636 erat
990 1599 1179 1648 Rubella,
1207 1601 1434 1641 bellissima
1459 1619 1474 1639 «
1499 1617 1522 1642 a
1542 1607 1653 1645 ealce
1675 1608 1727 1645 ad

137 1673 347 1701 summum
376 1661 509 1712 pilum
534 1661 546 1681 ³
585 1676 619 1707 »‚
644 1672 718 1698 nec
739 1659 887 1697 humili
912 1661 1002 1699 1060
1025 1665 1136 1699 nata.
1164 1678 1179 1696 α
1208 1664 1259 1701 Ut
1289 1664 1411 1702 docta
1432 1677 1581 1705 novem
1603 1669 1727 1707 Musis

137 1723 350 1777 quondam
371 1723 515 1761 addita
542 1723 677 1761 fuerat
698 1722 854 1773 Sepho,
887 1723 1063 1761 Rubella
1085 1724 1218 1762 tribus
1246 1730 1395 1776 quarta
1423 1727 1557 1767 fuerat
1585 1731 1727 1770 addita

136 1786 297 1826 Charis.
320 1801 333 1821 »
360 1786 438 1824 Seu
455 1785 596 1832 latine,
614 1797 685 1823 seu
702 1796 836 1834 graece
853 1785 1106 1835 loqueretur,
1126 1798 1209 1825 vox
1224 1799 1299 1825 sua
1314 1800 1394 1827 non
1412 1789 1638 1839 foeminam,
1656 1794 1727 1832 sed

137 1849 257 1888 deam
278 1849 467 1887 sonabat.
494 1848 538 1885 In
559 1851 740 1898 pectore,
766 1847 807 1884 in
834 1847 962 1885 labris
993 1864 1006 1881 «
1041 1848 1117 1887 dea
1144 1849 1266 1888 Pitho
1289 1851 1498 1900 gaudebat
1518 1853 1730 1894 luxuriare

138 1911 224 1950 suis
254 1911 267 1932 ³
304 1925 339 1948 ».
362 1910 678 1961 Epigrammata
700 1909 1012 1960 senariolosque
1034 1911 1310 1962 componebat
1334 1913 1485 1964 quibus
1507 1915 1611 1953 nihil
1630 1917 1727 1968 lepi-

141 1973 234 2012 dius
264 1972 545 2023 jucundiusve
577 1972 659 2022 legi
681 1974 847 2022 poterat
871 1971 900 2009 ⁶.
934 1973 997 2018 Et,
1026 1984 1076 2010 ne
1104 1973 1203 2023 quid
1232 1974 1539 2015 desideraretur
1573 1978 1613 2016 in
1641 1979 1727 2027 illa,

139 2035 325 2074 honestis
343 2034 609 2086 praecellebat
627 2034 786 2073 artibus
809 2046 901 2085 quae
924 2034 1109 2083 virgines
1132 2035 1276 2074 decent
1301 2048 1307 2074 :
1340 2048 1431 2085 acu,
1455 2039 1562 2086 colu,
1588 2044 1727 2090 cantu,

139 2098 230 2149 lyra

221 2159 319 2204 Quae
340 2158 464 2199 fuerit
484 2159 554 2198 illa
575 2159 749 2199 Rubella
769 2170 851 2198 non
873 2159 1008 2198 ausim
1031 2158 1253 2199 affirmare.
1285 2160 1461 2206 Quidam
1489 2164 1730 2206 existimant
