1945 3256
477 199 532 230 DE
554 198 698 232 VARIIS
722 195 925 230 BORBONII
950 192 1150 226 SCRIPTIS.
1571 196 1610 225 ⁴5

27 275 267 321 mandabat,
301 274 342 311 in
373 274 502 324 ipsius
533 274 626 311 libri
660 273 794 311 fronte
831 269 1052 308 nonnullos
1086 267 1338 306 inscribebat
1382 268 1610 306 versiculos

29 337 223 376 lectorem
245 335 405 374 auctori
425 335 718 373 conciliaturos
736 335 765 372 ¹.

106 397 147 436 si
174 397 266 448 quis
290 408 387 435 vero
415 397 627 435 occidebat
649 399 743 434 ante
771 394 894 439 diem,
918 393 1157 431 defunctum
1186 391 1328 430 statim
1359 391 1484 441 longo
1514 390 1612 430 ssetu

28 459 358 512 prosequebatur
378 461 416 497 et
437 459 642 509 sepultum
665 455 880 507 epitaphio
903 454 1141 493 decorabat.

108 521 230 559 Forte
255 520 379 558 etiam
412 520 625 558 accidebat
657 522 700 556 ut
734 518 839 556 inter
870 529 911 554 se
946 515 1232 554 discordarent
1263 514 1448 565 ejusdem
1477 527 1612 555 causae

31 582 279 622 defensores.
297 583 407 620 Tunc
423 593 509 620 sese
526 580 756 619 Borbonius
773 578 1060 629 interponebat
1077 577 1116 615 in
1132 577 1478 628 pacificationem.
1498 578 1609 624 Illos,

30 656 102 696 per
135 643 353 690 Phoebum,
388 654 461 694 per
492 644 642 688 Musas,
676 653 749 692 per
783 640 993 679 Christum
1027 639 1177 690 quibus
1207 640 1342 690 placet
1375 640 1613 686 concordia,

30 706 176 745 orabat
209 708 333 757 atque
368 704 653 743 obtestabatur
685 706 744 750 ut,
778 703 839 740 ira
886 702 997 740 omni
1032 701 1235 752 deposita,
1270 702 1436 740 dextras
1471 713 1615 740 rursus

32 766 331 818 conjungerent
345 766 374 805 ².

111 830 204 880 Ipse
232 832 370 868 tamen
402 839 495 866 cum
523 827 775 878 quibusdam
803 826 921 865 bonae
956 826 1201 864 litteraturae
1229 826 1616 877 propugnatoribus

33 891 242 929 interdum
275 890 483 935 dissensit,
508 889 579 927 sed
611 901 679 928 eos
708 889 893 927 mordaci
924 899 1045 926 versu
1078 899 1291 938 nunquam
1319 888 1528 926 lacessivit
1557 900 1563 925 :
1597 899 1618 926 e

33 953 118 992 suis
145 952 398 991 carminibus
431 951 543 989 omni
570 951 692 989 laude
724 951 945 989 destitutos
979 949 1193 988 excludere
1227 951 1326 988 satis
1360 949 1522 989 habuit.
1552 950 1616 988 Sic

34 1014 292 1065 Stephanum
321 1014 526 1059 Doletum,
562 1013 880 1064 typographum
912 1012 1113 1049 illustrem
1147 1012 1502 1062 litteratoremque
1535 1023 1616 1050 non

31 1077 263 1126 vulgarem,
277 1087 370 1114 cum
388 1087 468 1126 quo
485 1087 582 1113 sane
599 1075 792 1125 Lugduni
812 1074 1051 1112 societatem
1069 1073 1297 1120 fecerat‚ne
1312 1074 1437 1112 semel
1451 1073 1617 1125 quidem

32 1138 83 1176 irr
102 1138 231 1189 Nugis
259 1140 330 1176 aut
357 1137 398 1174 in
427 1137 574 1176 litteris
601 1137 848 1183 nominavit,
872 1147 951 1173 non
980 1135 1032 1173 ob
1058 1135 1183 1173 aliam
1214 1147 1383 1173 causam
1411 1135 1615 1187 suspicor,

32 1200 143 1251 quod
164 1203 253 1239 erat
273 1211 323 1238 ex
344 1199 393 1237 iis
415 1199 485 1250 qui
508 1199 870 1238 Ciceronianorum
894 1209 1044 1236 nomen
1067 1197 1141 1235 soli
1165 1200 1482 1248 usurpaverant.

73 1344 161 1378 vm.
175 1361 214 1368 —
237 1343 432 1377 Borbonius
453 1346 611 1376 veterum
631 1346 665 1376 et
686 1344 916 1376 recentiorum
938 1346 1119 1385 poetarum
1141 1342 1323 1374 {emulator
1342 1344 1375 1374 et
1395 1342 1576 1384 interpres.

113 1461 382 1512 Antiquitatis
417 1461 551 1499 cultus
590 1464 629 1499 et
665 1461 842 1499 imitatio
880 1463 964 1498 tam
998 1459 1265 1498 vehementer
1306 1462 1421 1498 sexto
1460 1459 1620 1498 decimo

37 1524 189 1562 saeculo
218 1524 430 1572 vigebant,
455 1527 499 1561 ut
529 1522 631 1560 nihil
660 1523 812 1560 mirum
840 1522 947 1573 quod
977 1525 1165 1560 veterum
1194 1521 1495 1572 exemplarium
1527 1533 1622 1559 con-

35 1585 215 1624 versioni
237 1585 393 1636 aliquid
411 1584 610 1635 temporis
632 1585 863 1622 Borbonius
881 1584 1142 1634 impertierit.
1174 1584 1359 1621 Plurima
1379 1584 1488 1621 enim
1514 1584 1623 1621 illius

36 1647 246 1699 poematia
276 1659 357 1685 non
389 1647 470 1684 alia
501 1650 597 1684 sunt
626 1658 751 1697 quam
780 1657 1013 1695 grz'ecorum
1043 1646 1294 1696 scriptorum
1324 1646 1622 1684 translationes

35 1710 75 1747 in
97 1709 247 1748 latinos
263 1720 420 1747 versus.
445 1709 559 1747 Nunc
582 1709 829 1747 sententiam
854 1721 903 1747 ex
925 1708 1064 1759 aliquo
1088 1719 1225 1757 graeco
1248 1711 1372 1758 poeta
1395 1711 1466 1746 aut
1488 1707 1623 1759 philo-

35 1771 169 1823 sopho
196 1771 488 1822 depromptam
518 1771 737 1817 convertit,
762 1771 935 1808 verbum
957 1781 1074 1821 prone
1104 1770 1230 1808 verbo
1262 1770 1436 1808 reddens
1454 1769 1491 1816 ³3
1515 1781 1623 1808 nunc

99 1876 123 1905 l.
150 1874 187 1905 In
209 1873 319 1905 fronte
342 1872 527 1915 elegiarum
551 1872 592 1905 ab
614 1872 736 1905 Alneto
761 1872 913 1915 quo-'lam
937 1882 1056 1904 recens
1079 1871 1247 1904 editarum
1271 1871 1467 1905 scribebat:

332 1955 465 1990 Quisquis
484 1965 522 1987 es,
538 1965 585 1983 ore
606 1956 676 1987 save,
698 1959 725 1982 et
745 1965 817 1983 nova
838 1956 962 1981 carmina
982 1955 1117 1982 candidus
1138 1956 1212 1986 audiy

407 1998 536 2025 Carmina
556 1998 726 2024 Vinum-inus
746 2006 808 2032 qum
830 1998 992 2024 modulatur
1011 1998 1079 2024 olor.

338 2040 399 2066 Non
419 2039 502 2066 semel
525 2043 551 2066 et
572 2040 658 2066 Musae
678 2040 810 2065 audivere
830 2043 857 2065 ot
878 2039 996 2065 l’hsnlms
1018 2040 1115 2074 Apollo

408 2081 466 2107 Hoc
486 2082 583 2113 melos,
605 2085 630 2107 el
650 2081 747 2115 positis
767 2082 936 2115 obstupuere
956 2081 1035 2116 lyris.

338 2123 401 2149 Tale
421 2131 499 2149 sacer
520 2126 605 2154 vates,
628 2123 734 2148 clarum
755 2123 798 2148 cui
821 2131 923 2148 nomen
944 2123 979 2148 ab
1000 2122 1078 2151 Alno.

409 2164 510 2195 Edidit,
533 2164 673 2199 ingratum
695 2172 744 2190 nec
764 2163 822 2189 sore
841 2167 934 2198 sperat
954 2172 1033 2198 opus.
1321 2197 1333 2222 x

1335 2198 1351 2229 ”,
1373 2199 1417 2224 56.

101 2269 183 2308 Quis
204 2268 318 2301 Alneti
340 2269 467 2311 elegias
491 2269 593 2302 hodie
620 2270 747 2302 novit?
769 2289 807 2292 —
828 2269 1015 2302 Laudativa
1050 2269 1202 2301 carmina
1237 2268 1417 2301 decentius
1448 2269 1626 2310 inscripsit

42 2316 237 2349 Borbonius
260 2317 294 2348 in
316 2316 427 2349 fronte
449 2317 643 2349 carminum
672 2317 858 2350 Clementis
884 2317 1016 2353 Maroti,
1040 2317 1075 2348 in
1097 2317 1197 2348 novis
1223 2315 1435 2348 editionibus
1465 2316 1628 2349 Martialis

42 2367 76 2395 et
94 2362 206 2401 Gellii,
230 2363 264 2394 in
288 2363 445 2406 epistolis
467 2364 573 2396 sancti
591 2363 699 2401 Pauli,
717 2364 749 2395 in
766 2363 856 2396 libro
873 2362 1023 2396 Sadoleti
1045 2362 1087 2396 de
1110 2362 1272 2395 laudibus
1294 2362 1538 2406 philosophiae,
1562 2365 1625 2396 etc.

109 2460 140 2490 2.
507 2469 669 2492 CLEMEer
694 2470 828 2492 MARATO
850 2470 890 2491 ΕΤ
911 2470 1003 2491 ιῐΟᾹΝ.
1027 2469 1154 2492 SAGoNl.

437 2543 545 2569 Parcite
565 2543 684 2569 dentatis
704 2543 885 2578 proscindere
905 2543 1019 2569 nomina
1039 2543 1141 2570 chartis

541 2583 648 2615 Vestra,
669 2593 684 2611 o
703 2584 794 2616 amici,
815 2584 929 2619 parcite.

434 2624 488 2650 Cur
507 2625 605 2651 calami
625 2626 700 2651 rabie
720 2629 745 2651 et
765 2626 874 2660 probris
894 2625 1030 2660 foedisque
1048 2625 1149 2652 libellis

542 2665 679 2692 Laceratis
699 2666 769 2693 alter
787 2666 927 2693 alterum?

434 2705 551 2735 Parcite.
572 2708 696 2733 rixarum
717 2708 782 2733 satis
803 2710 844 2733 est
866 2715 871 2734 ς
893 2707 1055 2742 conjungite
1074 2707 1185 2733 dextras
1208 2715 1212 2733 z

540 2747 636 2774 Redite
656 2750 748 2774 tamen
768 2748 797 2774 in
817 2749 945 2783 gratiam.

439 2788 556 2814 Pulcher
577 2791 650 2814 amat
670 2797 764 2823 pacem
785 2789 908 2815 Phoebus
929 2790 1071 2823 doctaeque
1094 2797 1204 2815 sorores
1228 2797 1233 2815 ε

535 2829 642 2856 Christo
661 2830 749 2864 placet
767 2830 925 2856 concordia.

1283 2869 1350 2901 vui,
1373 2871 1418 2895 81.

111 2929 139 2958 3.
167 2926 292 2959 Multos
308 2926 402 2960 locos
423 2929 458 2961 in
481 2929 586 2971 Nugis
608 2930 758 2973 reperias
777 2940 863 2974 quos
890 2933 1022 2968 auctor,
1046 2930 1225 2971 ingenium
1252 2939 1352 2961 suum
1376 2928 1475 2971 quasi
1498 2928 1630 2961 exerci-

49 2975 196 3012 taturus,
230 2974 408 3007 transtulit
440 2985 479 3008 ex
511 2976 673 3017 Homero,
707 2976 867 3015 Hesiodo,
914 2976 1126 3018 Theognide,
1162 2974 1335 3018 Euripide,
1386 2975 1633 3017 Demosthene,
