1945 3256
210 202 246 232 40
769 204 823 235 DE
848 203 949 236 VlTA
969 203 1020 235 ET
1043 202 1244 236 SCRIPTIS.

209 287 310 314 usus
330 276 528 326 ambigua
549 288 650 316 voce
674 276 826 328 Polis-11,
849 278 890 316 in
912 279 1082 318 domum
1104 280 1324 318 clarissimi
1341 281 1419 319 viri
1442 282 1486 320 D⁴
1511 282 1684 322 Joannis
1704 283 1800 323 Din-

210 338 360 385 tavilli,
383 338 537 389 Polysii
558 338 766 390 toparchi‚
789 339 869 379 hoc
891 340 1100 380 distichon
1122 342 1218 381 fecit
1242 355 1248 380 :

541 437 623 476 Quae
644 438 771 471 domus
794 441 846 471 est
867 439 968 472 hodie
989 443 1080 473 recte
1098 440 1270 483 appellata
1292 443 1374 475 πο).ὺ
1397 446 1431 482 ζῆ
1457 443 1480 474 ¹.

579 485 708 528 Nempe
730 486 884 529 inquam,
902 486 951 519 nil
973 487 1063 519 Mors
1085 488 1317 530 pallidajuris
1339 489 1440 521 habet
1462 491 1486 522 2.

289 566 370 605 Nec
385 566 552 605 omnino
573 567 756 606 insulsus
777 571 837 607 est
851 567 973 619 jocus
992 568 1058 607 ille
1079 568 1126 612 είς
1141 569 1329 622 μοναχούς.

623 651 781 684 Monachi
803 661 913 693 graece
934 655 1105 685 vocantur
1127 653 1285 691 solitarii,

621 699 666 731 At
687 698 790 731 hodie
811 702 862 732 tot
883 700 1043 732 monachi
1066 701 1100 733 in
1118 700 1288 733 mnnobiis
1309 711 1386 735 eum
1411 702 1515 736 simul

623 746 699 778 Sint
719 746 820 779 otiosi
839 749 871 779 et
892 747 1006 789 ignavi
1029 750 1060 779 et
1081 748 1169 790 pasti
1194 747 1293 786 bene,

624 795 692 826 Cur
713 793 900 827 multitudo
924 794 1077 827 solitudo
1094 795 1224 828 (licitur
1237 798 1250 819 3
1265 797 1281 827 ἢ

286 880 370 919 Has
391 892 489 919 sane
516 892 651 931 nugas
680 882 897 932 spectabat
924 881 1147 921 Audoenus
1178 882 1189 904 ·'·
1220 895 1314 922 cum
1343 884 1443 923 illud
1472 884 1732 936 epigramma
1760 885 1799 923 in

208 943 461 981 Borbonium
491 944 794 995 contorquebat
819 957 825 982 :

620 1029 708 1068 Quas
733 1030 769 1060 tu
791 1027 910 1061 dixisti
932 1029 1046 1070 Nugas
1072 1039 1142 1062 non
1163 1039 1239 1062 esse
1261 1031 1404 1073 putasti,

662 1075 736 1107 Non
751 1075 828 1109 dico
850 1076 964 1119 Nugas
980 1086 1067 1115 esse,
1093 1077 1152 1110 sed
1168 1087 1244 1110 esse
1268 1081 1365 1121 puto.

286 1150 374 1204 Ego
405 1156 544 1192 autem
572 1154 642 1192 illa
669 1154 828 1193 ludicra
857 1156 1069 1206 poematia
1097 1167 1180 1195 non
1207 1157 1349 1195 omnia
1376 1157 1572 1196 existimo
1601 1169 1691 1196 esse
1718 1169 1802 1196 res-

205 1217 372 1268 puenda
400 1229 407 1255 :
438 1216 695 1255 Borbonium
725 1219 865 1255 tamen
898 1217 1160 1269 reprehendo
1194 1219 1305 1269 quod
1341 1219 1381 1257 in
1415 1220 1544 1270 Nugis
1575 1220 1802 1258 condendis

206 1290 358 1319 venam
379 1290 498 1318 suam
521 1290 568 1317 ac
591 1278 805 1329 ingenium
827 1280 980 1332 saepius
1002 1280 1283 1331 dissipaverit.

478 1422 532 1455 VI.
555 1440 593 1445 —
615 1421 663 1453 De
686 1421 899 1465 quibusdam
921 1423 1106 1466 epitaphiis
1128 1433 1146 1457 a
1167 1424 1340 1457 Borbonio
1362 1423 1524 1457 conditis.

287 1544 331 1581 In
351 1543 579 1595 epitaphiis
600 1544 804 1595 ponendis
827 1554 907 1582 non
932 1544 1100 1582 omnino
1129 1544 1366 1583 desciscivit
1392 1544 1624 1582 Borbonius
1652 1544 1703 1582 ab
1732 1545 1803 1583 illa

208 1606 382 1656 antiqua
429 1606 764 1657 epigrammatici
814 1607 976 1656 generis
1023 1606 1276 1645 definitione.
1322 1606 1649 1657 Epigrammatis
1692 1607 1801 1645 enim

206 1668 373 1705 nomine
391 1672 551 1707 veteres
572 1669 782 1707 vocabant
802 1668 1006 1720 quidquid
1027 1671 1298 1707 monumento
1321 1668 1490 1707 cuilibet
1509 1669 1678 1707 inscribi
1699 1669 1803 1708 sole-

206 1729 291 1767 bat.
309 1730 536 1781 Epitaphia
556 1731 688 1769 multa
709 1731 947 1782 composuit
967 1734 1122 1777 noster,
1141 1741 1234 1782 quae
1257 1731 1466 1781 elegantia
1486 1731 1627 1782 potius
1647 1733 1686 1769 et
1707 1743 1801 1770 acu-

207 1791 318 1829 mine
338 1803 465 1842 quam
486 1796 654 1844 pectore
676 1793 829 1831 valent.

286 1853 367 1891 Sua
398 1854 693 1901 concinnitate,
718 1866 810 1893 meo
834 1854 1008 1905 judicio,
1035 1858 1180 1906 peccat
1207 1858 1404 1906 argutum
1432 1854 1512 1894 hoc
1540 1854 1800 1907 epitaphium

207 1915 248 1952 in
270 1914 473 1954 honorem
489 1928 706 1968 puerperae
728 1916 944 1968 cujusdam
965 1918 1211 1968 Margaretae
1236 1930 1244 1956 ;

475 2016 600 2058 Aspice
624 2026 702 2059 quae
722 2016 792 2048 vixi
815 2019 868 2048 ter
887 2016 1057 2059 quinque,
1081 2026 1144 2049 nec
1164 2016 1327 2059 amplius,
1345 2026 1469 2054 annos,

519 2064 587 2096 Nee
608 2063 706 2106 potui
726 2062 881 2105 conjunx
907 2063 1085 2095 mensibus
1110 2073 1186 2096 esse
1207 2063 1341 2102 decem,

477 2111 640 2152 Margaris
663 2110 717 2142 liic
739 2111 803 2143 sita
825 2120 914 2148 sum,
937 2111 1050 2153 primo
1074 2110 1308 2153 pulcherrima
1329 2114 1429 2154 partu

520 2160 601 2198 Quae
623 2158 739 2201 peperi
765 2159 923 2200 geminos
948 2169 956 2190 τ
984 2161 1022 2191 ut
1038 2158 1168 2201 peperi,
1192 2158 1278 2202 perii
1295 2160 1320 2190 ⁵.

287 2248 420 2297 Atque
442 2247 542 2284 illud
564 2247 606 2284 in
623 2246 824 2285 honorem
838 2247 1094 2297 Magdalenae
1112 2246 1355 2294 Lacheneae,
1374 2247 1619 2286 Parisiensis
1633 2247 1797 2298 puellae.

623 2338 723 2370 Hunc
746 2347 764 2369 0
780 2336 918 2380 puellm,
939 2347 957 2369 o
983 2337 1134 2379 virgines
1159 2337 1316 2375 Lutetiae,

623 2384 812 2416 Tumulum
837 2385 961 2416 vestris
984 2384 1030 2417 ita
1051 2385 1190 2427 irrigate
1205 2384 1380 2427 lacrymis,

625 2433 668 2464 Ut
690 2430 850 2463 hortulus
871 2431 940 2469 fiat,
966 2432 1025 2474 qui
1047 2431 1225 2473 perpetuis
1246 2432 1335 2464 rosis

623 2477 799 2515 Abundet,
817 2479 1027 2521 sotei-nisque
1047 2482 1170 2511 vernet
1189 2477 1348 2512 floribus.

624 2525 708 2557 Nam
724 2524 962 2567 Magdalenam
984 2527 1075 2568 (quae
1097 2524 1232 2558 ordinis
1253 2526 1359 2558 vestri
1377 2525 1439 2559 fuit

626 2573 788 2614 Magnum
812 2572 931 2614 decus)
955 2573 1068 2605 Pareae
1089 2573 1143 2605 hic
1165 2576 1361 2616 posuerunt
1378 2571 1518 2606 invidae.

293 2659 371 2697 Sed
392 2658 495 2696 mihi
516 2658 682 2697 videtur
702 2658 907 2697 erravisse
928 2662 1052 2709 poeta
1070 2659 1200 2697 multo
1223 2658 1394 2709 gravius
1416 2659 1457 2696 in
1479 2658 1664 2697 Severini
1685 2659 1804 2710 pueri

282 2761 305 2789 l.
330 2757 384 2790 Sic
406 2767 515 2799 graece
533 2755 741 2799 jocabantur
775 2756 897 2789 Pithoei
919 2756 1052 2794 fratre&
1088 2757 1148 2800 qui
1177 2757 1297 2790 domui
1326 2766 1398 2790 suae
1425 2757 1514 2790 hanc
1536 2756 1802 2800 inscriptionem

216 2808 477 2847 praeposuerant
500 2815 507 2837 ;
529 2809 598 2842 τοῖς
613 2804 723 2846 νόμοις
744 2806 869 2837 πείθου.

278 2853 309 2883 2.
331 2852 447 2893 Ναριε,
462 2852 516 2891 lv,
533 2853 604 2884 408.

279 2900 310 2930 3.
332 2899 448 2939 Nuqoe,
470 2899 495 2937 Ι,
520 2900 590 2931 149.

280 2949 310 2978 4.
333 2945 470 2984 Gallice,
497 2946 605 2978 Owen.

280 3001 311 3031 5.
333 2999 449 3040 Nugae,
471 2999 496 3035 Ι,
520 3000 571 3030 43.
