1945 3256
281 182 383 220 QUID
408 181 463 212 DE
483 180 718 213 PUERORUM
745 180 1040 212 INSTITUTIONE
1060 179 1267 211 SENSERIT
1291 180 1545 213 BORBONIUS.
1660 184 1699 214 79

117 263 272 307 carent,
296 260 537 298 discrimina
562 259 789 305 faciebant3
820 262 957 309 atque,
991 258 1032 295 in
1059 257 1462 296 adolescentulorum
1488 260 1696 307 manibus,

116 323 239 361 simul
271 334 317 360 ae
341 322 463 359 Tullii
494 322 716 370 orationes,
744 321 923 359 Maronis
957 319 1174 369 Flaccique
1207 320 1408 367 carmina,
1437 321 1578 360 videre
1611 326 1700 361 erat

116 384 324 422 Francisci
357 383 566 434 Philelphi
594 384 773 434 pueriles
802 382 1096 426 institutiones,
1130 381 1238 419 Petri
1269 382 1485 421 Mosellam
1516 385 1697 434 paedolo-

117 446 244 496 giam,
268 445 468 483 nonnulla
487 449 525 483 et
546 446 705 483 Erasini
728 444 941 494 opuscula.

192 508 253 545 Ex
272 506 338 544 his
359 507 568 545 inferioris
590 507 726 545 aetatis
742 505 1016 556 scriptoribus
1038 517 1087 543 ne
1110 517 1238 543 unum
1259 506 1426 556 quidem
1445 508 1695 556 Borbonius,

114 569 155 606 in
182 569 333 607 libellis
360 569 460 615 suis,
488 568 708 619 legendum
730 567 869 618 pueris
896 567 1128 618 proposuit.
1154 567 1256 605 Eum
1278 570 1417 606 tamen
1446 581 1527 607 non
1548 570 1699 620 puduit

113 642 190 669 sua
217 631 388 682 propria
415 631 618 682 opuscula
645 630 755 680 apud
785 629 1027 667 scolasticos
1053 629 1247 679 jactitare
1281 641 1329 668 ac
1363 631 1697 670 venditai'e:·Sic

113 704 209 730 suas
236 692 410 731 Tahollas
432 693 471 729 in
493 693 705 743 publicum
728 691 899 729 emissas
921 691 1173 741 alloquitur:

630 806 1135 816 ··········

630 831 739 871 Agite,
764 830 807 862 ite
827 828 1029 861 delicatulas

628 878 728 909 Recta
750 878 784 908 in
806 876 1003 919 puellorum
1021 885 1142 908 manus

630 926 669 956 Et
689 924 954 966 paeilagogovum
976 923 1103 966 quibus

629 973 721 1004 „Etas
740 971 865 1003 tenella
888 970 1017 1003 credita
1038 974 1100 1003 est.

194 1068 244 1107 Et
269 1068 396 1106 alias:
426 1082 439 1102 «
475 1068 612 1105 Animi
635 1067 847 1105 recreandi
871 1067 1020 1116 gratia,
1044 1067 1166 1117 plura
1192 1066 1260 1105 hic
1288 1067 1471 1118 adgrego
1494 1069 1700 1120 epigram-

117 1134 230 1168 mata
251 1130 303 1167 ad
324 1130 634 1181 componendos
657 1140 881 1180 puerorum
903 1129 1064 1167 animos
1087 1129 1372 1168 accommoda.
1399 1146 1413 1165 »

194 1192 276 1230 Nee
309 1204 356 1231 ea
384 1196 479 1231 sunt
507 1193 617 1230 seria
646 1203 810 1242 semper
835 1194 906 1229 aut
928 1191 980 1228 ad
1008 1191 1253 1241 religionem
1275 1195 1314 1230 et
1341 1192 1391 1230 ad
1415 1205 1550 1232 mores
1577 1195 1701 1245 perti-

116 1255 270 1292 nentia.
296 1254 535 1305 Sequuntur
563 1254 764 1292 nonnulla
795 1253 953 1291 leviora
973 1257 1012 1292 et
1036 1253 1259 1291 lasciviora
1289 1266 1396 1304 quae,
1421 1258 1465 1293 ut
1491 1255 1579 1306 ipse
1602 1256 1703 1295 fate—

116 1320 200 1363 tur,
229 1333 241 1349 «
268 1317 310 1354 in
331 1317 616 1355 studiosorum
648 1316 1050 1354 adolescentulorum
1076 1316 1255 1365 gratiam
1284 1316 1397 1364 lusit,
1422 1320 1466 1355 ut
1487 1317 1514 1355 ii
1537 1330 1702 1369 quoque

118 1389 213 1416 eum
240 1378 330 1429 ipso
352 1379 557 1427 magistro
580 1378 804 1429 aliquando
833 1378 1088 1416 colluderent
1110 1389 1234 1428 seque
1260 1379 1312 1416 ad
1335 1379 1509 1417 meliora
1537 1391 1703 1431 compo-

117 1443 262 1478 nerent
283 1443 618 1491 exercerentque.
641 1455 655 1476 »
681 1440 721 1478 Si
744 1439 847 1478 scire
868 1440 931 1477 vis
953 1451 1035 1491 quo
1052 1451 1201 1489 genere
1217 1439 1302 1490 joci
1324 1443 1467 1479 utatur
1488 1442 1599 1492 apud
1624 1442 1704 1480 dis-

117 1503 292 1553 cipulos,
317 1501 407 1541 haec
432 1503 512 1541 duo
535 1503 735 1549 earmina,
761 1505 959 1552 tanquam
981 1502 1187 1553 exempla,
1206 1514 1225 1540 e
1249 1502 1425 1541 Tabellis
1447 1503 1671 1542 detraham
1693 1518 1700 1543 ς

802 1618 834 1639 IN
861 1617 1043 1639 Cti‘lnixml

362 1694 387 1726 Ο
407 1694 525 1730 Amor,
548 1700 567 1723 o
589 1700 632 1723 ne
655 1690 800 1733 (quaiso)
824 1690 907 1722 1111111
929 1699 988 1721 cor
1006 1691 1118 1731 tange,
1142 1699 1206 1721 nec
1228 1689 1335 1732 hepar
1362 1699 1369 1721 ε

444 1738 587 1772 Arbitrii
608 1738 692 1770 facio
716 1740 839 1770 cwtera
862 1737 1016 1769 membra
1036 1737 1098 1769 tui.

726 1832 766 1853 nn
791 1831 904 1854 Anione
927 1822 956 1862 (e
979 1820 1100 1862 graeco)

650 1895 739 1927 Dum
755 1893 925 1937 complice
947 1893 1106 1931 corollas,

656 1942 736 1973 Eece
758 1942 792 1973 in
813 1942 901 1973 rosis
925 1944 1101 1982 repertum

653 1989 715 2021 Ala
737 1988 915 2031 prehendo
936 1989 1098 2019 Amorem

654 2037 876 2077 Mersumquc
897 2045 976 2066 cum
999 2036 1097 2076 Lya‘o

655 2084 767 2115 Simul
790 2082 860 2114 biiii
884 2086 1097 2125 protervum.

654 2132 698 2163 At
718 2140 812 2161 nunc
834 2129 971 2172 puellus
991 2129 1070 2160 imis

656 2177 752 2209 Furit
776 2177 857 2209 1111111
881 2175 1059 2208 medullis.

200 2285 249 2322 Et
279 2295 329 2321 ne
355 2283 465 2334 apud
487 2295 582 2321 suos
610 2295 685 2321 sua
714 2282 892 2320 facilitas
916 2281 955 2318 in
985 2281 1111 2319 dubio
1140 2281 1206 2326 sit,
1233 2281 1342 2319 idem
1373 2281 1634 2332 epigramma
1656 2282 1707 2320 ad

123 2345 234 2384 hunc
256 2345 439 2389 modum,
462 2344 724 2383 liberiuscule
745 2347 784 2382 et
799 2343 917 2394 quasi
940 2344 1251 2395 παρκᾳραστικῶς,
1274 2343 1492 2382 convertit.

390 2446 614 2489 Multiplicem
636 2455 746 2478 verno
769 2444 948 2477 nectabam
971 2444 1055 2476 ssore
1071 2443 1235 2476 corollam
1260 2455 1265 2475 :

430 2495 518 2536 Ipse,
537 2503 632 2526 rosas
655 2494 756 2532 inter,
778 2492 862 2525 sorte
885 2491 1012 2523 latebat
1031 2492 1148 2523 Amor.

389 2542 489 2573 Hunc.
510 2541 562 2573 ala
584 2550 797 2583 apprensum
821 2539 915 2571 tenni
939 2538 1111 2581 mersique
1136 2539 1232 2580 Lyaeo
1256 2549 1263 2570 ε

436 2589 474 2620 Et
495 2587 612 2627 simul,
634 2597 650 2619 e
671 2587 806 2629 cyatho,
825 2586 953 2619 stultus
975 2588 1163 2627 utrumque
1184 2585 1268 2617 bibi.

388 2635 487 2667 Nunc
508 2635 633 2667 misero
657 2644 740 2676 puer
756 2634 813 2666 ille
837 2633 918 2665 mihi
938 2636 1070 2665 torrere
1096 2632 1265 2665 medullas

430 2682 539 2715 Gestit
556 2685 589 2714 et
610 2681 764 2723 indignis
787 2691 840 2713 mc
859 2680 1013 2714 cruciare
1037 2678 1149 2711 modis
1172 2681 1194 2709 ¹.

192 2780 215 2810 1.
236 2775 364 2810 Iisdem
389 2778 541 2817 Tabella‘s,
573 2787 658 2822 quas
687 2776 729 2809 ad
756 2786 858 2809 usum
889 2784 1078 2818 puerorum
1109 2773 1276 2811 condidit,
1309 2772 1502 2806 Borbonius
1527 2774 1709 2813 epistolam

124 2826 309 2869 quamdam
332 2824 372 2857 ad
395 2835 492 2858 suam
509 2825 703 2862 Rubellani,
727 2823 921 2866 epistolaris
943 2822 1079 2863 generis
1095 2821 1294 2862 exemplum
1310 2821 1411 2864 quasi
1426 2820 1467 2852 ad
1488 2819 1708 2859 imitandum,

124 2874 283 2912 inscruit,
306 2873 341 2904 in
362 2882 429 2915 qua
450 2873 574 2914 legitur
596 2885 602 2903 :
630 2886 644 2900 «
670 2872 807 2913 Lyrieos
825 2874 858 2902 et
876 2870 1066 2902 senariolos
1090 2868 1202 2910 accepi
1224 2879 1232 2898 .·
1251 2868 1379 2911 quibus
1395 2868 1556 2908 emoriar,
1573 2869 1600 2901 si
1616 2869 1710 2910 quic-

125 2932 227 2965 quam
250 2922 286 2953 in
305 2921 374 2953 vita
395 2920 545 2962 lepidius
564 2919 800 2961 jucundiusve
822 2918 933 2960 legere
956 2917 1039 2949 1111111
1059 2916 1214 2958 contigit.
1237 2917 1308 2958 Age
1328 2926 1424 2955 vem,
1452 2926 1530 2958 quae
1551 2915 1708 2959 quetidie

127 2979 179 3001 am
202 2969 346 3001 feliciter
368 2968 548 3010 componis
570 2968 819 3010 epigrammata
843 2976 892 3002 ca,
919 2965 946 2997 si
964 2964 1105 3008 quando
1122 2964 1157 2996 in
1180 2973 1303 2996 manus
1329 2964 1510 2996 hominum
1532 2964 1706 3006 venerint,
