1945 3256
305 176 405 213 QUID
431 176 485 207 DE
505 175 733 208 PUERORUM
754 174 1053 207 INSTlTUTIONE
1076 172 1280 205 SENSERIT
1304 169 1556 202 BoRBONIUs.
1679 168 1718 199 60

140 256 378 290 assuescant
391 254 635 305 ὀρθογραφεῒν,
657 253 737 291 hoe
758 256 819 290 est
834 252 1001 290 dextere
1016 255 1056 289 et
1069 248 1407 288 feliciterlitteras
1419 246 1595 297 pinqere.
1613 246 1717 283 Nam

140 320 232 358 qua>
255 313 411 364 alioqui
435 315 632 353 facillimo
654 318 750 352 sunt
772 314 998 359 intellectu,
1033 312 1068 350 si
1100 312 1221 358 male,
1247 311 1280 348 si
1313 319 1531 360 perperam
1563 308 1718 357 scripta

135 370 302 421 fuerint,
324 376 569 427 plerumque
590 377 647 415 sic
669 376 846 414 obscura
866 378 961 412 sunt
979 377 1024 412 ut
1045 374 1114 412 vix
1136 373 1260 411 etiam
1283 372 1334 409 ab
1354 383 1400 409 eo
1416 371 1486 421 qui
1501 368 1714 419 scripserit

136 433 223 472 sine
245 436 468 487 interprete
490 442 562 477 aut
582 438 695 476 Delio
717 437 857 487 aliquo
879 440 1069 475 natatore
1090 434 1265 483 intelligi
1293 433 1455 484 possint
1475 433 1502 469 ¹.
1532 446 1545 466 »

213 497 294 535 Nec
315 499 522 538 Borhonio
545 512 644 538 cura
666 499 801 537 minor
822 499 934 549 quali
962 509 1063 536 voce
1091 496 1318 547 discipulus
1343 495 1578 544 eloquatur.
1603 491 1715 529 Nihil

135 556 253 596 flocci
269 559 368 599 facit
386 562 536 599 librum
558 561 798 599 memoriter
811 560 944 606 reddi,
959 560 992 597 si
1012 559 1164 597 inculte
1182 561 1221 596 et
1243 558 1495 605 ineleganter
1510 554 1711 592 redditur.

137 619 207 658 llle
230 632 345 670 puer,
381 624 583 672 magistro
600 622 755 673 judice,
787 625 989 672 punctum
1023 621 1167 659 tulisse
1189 618 1412 657 habebitur
1434 617 1517 668 qui,
1544 617 1583 653 in
1614 616 1714 653 reci-

139 682 276 722 tando.
303 696 402 734 pure
424 696 467 721 ac
490 685 688 722 concinne
710 684 822 734 loqui
843 683 1033 720 didicerit
1059 696 1065 719 z

502 786 544 817 At
565 785 721 827 prfrleeta
746 785 829 816 milii
854 794 930 816 cuin
953 784 1109 819 redditis,
1133 786 1203 815 este
1225 784 1351 817 canori.

216 886 260 924 Id
276 889 336 924 est
356 887 539 925 suaviter
559 890 598 925 et
619 887 810 926 distincte
831 891 870 925 et
891 899 984 925 Cum
999 898 1100 925 voce
1119 897 1270 924 sonora
1286 887 1511 936 apertaque
1532 894 1716 934 pronun-

136 948 254 986 ciate.
295 963 309 982 <‹
334 949 404 987 Est
426 949 549 997 enim,
585 949 643 987 ait
676 949 935 996 (Iaurresius,
968 960 1143 987 ‹umora-s·
1176 947 1296 998 quasi
1331 957 1526 992 sonorus,
1569 957 1592 982 a
1614 955 1711 983 ormo

133 1009 368 1047 deductum.
393 1025 411 1044 »

379 1118 544 1150 Przrterea
565 1122 616 1151 est
636 1119 722 1151 ratio
744 1119 914 1151 sermonis
937 1118 1093 1150 habenda
1117 1129 1124 1149 2
1146 1116 1322 1160 loquendo

419 1165 465 1196 Ne
486 1164 603 1207 lingua
625 1164 821 1206 improbula
844 1164 1044 1207 garrulitate
1066 1165 1160 1203 lluat,

376 1210 442 1243 Nec
464 1211 532 1243 siut
551 1213 611 1254 qui
632 1211 742 1244 balbis
764 1213 887 1244 feriant
910 1212 992 1243 mihi
1014 1211 1156 1243 naribus
1178 1220 1289 1247 aures,

415 1258 548 1301 Quique
569 1259 727 1296 fremant,
751 1258 899 1291 stridant
919 1261 950 1291 et
972 1258 1061 1290 male
1080 1257 1186 1291 verba
1210 1259 1336 1290 sonent
1356 1257 1382 1288 ².

210 1368 545 1407 Soloecisniorum
567 1370 688 1407 simul
710 1369 938 1408 foeditatem
968 1370 1086 1420 pueri
1108 1369 1286 1418 fugiant,
1310 1367 1471 1418 hosque
1500 1367 1634 1405 vitent
1668 1369 1714 1405 ut

131 1430 338 1481 scopulos,
375 1431 416 1468 in
445 1443 562 1481 quos,
587 1435 631 1469 ut
665 1432 722 1469 ait
744 1431 999 1479 Caurresius,
1033 1431 1129 1469 illisi
1159 1442 1273 1482 purte
1306 1430 1507 1468 orationis
1538 1429 1694 1467 dissolu

129 1492 283 1530 tionem
306 1493 624 1541 etnaufragium
646 1494 876 1543 patiuntur.

208 1554 252 1591 In
275 1554 431 1591 eseteris
448 1554 572 1592 rebus
595 1566 686 1605 qua}
709 1555 760 1592 ad
782 1556 921 1593 studia
939 1556 1163 1606 pertinent,
1190 1555 1316 1593 etiam
1336 1554 1376 1591 in
1398 1553 1597 1599 minimis,
1614 1564 1709 1590 nes-

129 1615 191 1653 cio
213 1615 311 1665 quid
334 1615 471 1654 decori
494 1619 532 1654 et
554 1617 743 1654 concinni
766 1617 896 1666 exigit
930 1617 1177 1654 Borbonius.
1204 1616 1269 1654 Sic
1303 1627 1550 1666 persuasum
1582 1614 1707 1652 hahet

127 1679 257 1714 artem
280 1677 505 1727 quamdam
530 1689 617 1715 esse
640 1677 919 1716 adhibendam
945 1679 985 1715 in
1006 1678 1313 1729 respondendo.
1340 1677 1380 1714 Si
1404 1677 1508 1714 sorte
1536 1676 1709 1713 interro-

125 1742 278 1787 gantur
312 1740 444 1789 pueri‚
471 1743 646 1777 caveant
675 1751 723 1777 ne
756 1740 895 1778 vultus
930 1740 1146 1791 praelieant
1175 1743 1246 1777 aut
1281 1740 1419 1777 tristes
1450 1741 1521 1776 aut
1554 1737 1708 1775 hilares

118 1800 313 1855 nimium,
337 1801 408 1839 sed
439 1802 545 1839 inter
578 1805 803 1852 utrumque
836 1805 1014 1840 teneant.
1055 1802 1203 1840 Vultus
1227 1802 1335 1840 enim
1368 1805 1406 1839 et
1430 1800 1544 1838 frons
1579 1800 1703 1837 animi

118 1861 247 1912 janua
268 1866 343 1910 est,
367 1875 502 1901 sermo
524 1864 641 1914 quasi
666 1864 814 1902 tacitus
835 1864 985 1902 inentis
1011 1877 1016 1900 :

388 1980 453 2011 Seu
478 1980 571 2017 mihi,
597 1990 656 2012 seu
678 1981 788 2012 cuivis
811 1980 896 2012 liene
920 1980 1130 2022 responden¹
1154 1980 1284 2021 roganti

451 2027 489 2058 In
513 2037 620 2069 puero
643 2027 752 2069 fulget
772 2037 840 2059 non
863 2028 1036 2059 mediocre
1056 2027 1173 2064 decus,
1209 2060 1211 2064 ,

388 2074 456 2106 Nec
478 2074 623 2105 nimium
647 2073 742 2106 lwtos
766 2084 828 2106 nec
849 2075 963 2106 tristes
984 2073 1138 2116 approbo
1162 2073 1297 2109 vultum

451 2121 508 2153 Est
530 2121 680 2153 medium
706 2132 711 2151 t
735 2121 846 2153 virtus
869 2121 959 2153 inter
979 2124 1167 2162 utrumque
1186 2119 1281 2152 sedet
1302 2122 1325 2151 ³2.

202 2224 268 2261 Est
288 2223 411 2261 etiam
440 2224 530 2262 laus
556 2223 748 2274 quaedam
779 2226 818 2261 et
848 2224 1031 2274 dignitas
1052 2224 1092 2261 in
1115 2223 1295 2261 sedendo
1331 2226 1369 2260 et
1391 2223 1610 2260 audiendo.
1637 2222 1701 2260 Sic

122 2296 273 2337 pueros
293 2289 432 2324 monet
453 2289 594 2324 noster
617 2299 624 2324 :
1463 2280 1466 2283 ’

450 2384 526 2417 Sint
546 2388 585 2416 ut
606 2385 641 2416 in
664 2384 775 2417 officio
798 2384 934 2425 singula
958 2385 1109 2417 membra
1131 2394 1205 2417 suo.

204 2484 316 2521 Recti
339 2484 462 2530 oculi,
488 2483 527 2520 id
551 2486 610 2521 est
632 2484 788 2521 nullan]
811 2484 850 2521 in
873 2487 1034 2534 partem
1058 2483 1211 2530 inflexi,
1234 2506 1284 2511 -—
1306 2483 1457 2521 labella
1478 2494 1571 2520 cum
1592 2494 1704 2520 men-

123 2557 219 2583 sura
240 2546 473 2596 composita
495 2549 541 2584 ut
562 2557 634 2583 nee
656 2546 832 2583 nimium
853 2549 1080 2592 contracta,
1105 2557 1179 2584 nec
1208 2546 1387 2583 nimium
1416 2545 1613 2595 depressa
1633 2548 1703 2583 aut

121 2607 296 2645 nimium
315 2607 476 2645 hiantia
503 2608 771 2646 sublevatave
793 2608 986 2653 existant,
1008 2630 1059 2634 ——
1082 2608 1208 2658 pedes
1235 2607 1418 2654 stabiles,
1452 2618 1532 2644 non
1555 2606 1704 2644 divari-

123 2672 262 2708 cantes
284 2680 356 2707 nec
390 2669 431 2707 in
455 2669 665 2708 diversum
700 2669 882 2717 distorti,
915 2681 1064 2708 manus
1098 2681 1179 2708 non
1211 2668 1439 2717 dissolutze,
1475 2680 1557 2707 non
1580 2669 1700 2715 laxae,

118 2741 200 2768 non
221 2742 419 2770 remissae.

182 2848 220 2878 l.·
245 2845 365 2878 Tabell.
388 2847 562 2886 Element„
586 2858 619 2891 p.
643 2850 692 2879 «10.

183 2894 215 2924 Ω.
237 2893 485 2934 Poedaqoyium.

182 2947 212 2976 3.
234 2945 463 2986 Poedayoyium
471 2970 480 2979 .
