1945 3256
203 215 242 246 48
760 215 815 246 DE
835 215 930 248 VITA
954 215 1007 247 ET
1032 213 1234 246 SCRIPTIS.

204 293 514 332 adulteraverit.
537 293 663 332 Multo
681 292 919 332 inferiorem
936 292 1069 331 fateor
1083 291 1338 331 Borbonium
1354 289 1628 340 scriptoribus
1641 290 1792 341 quibus

203 355 443 401 aemulatum
467 355 538 394 sed
565 367 659 393 eum
688 358 827 393 tamen
849 367 931 394 non
961 353 1322 393 annumerandum
1355 362 1500 390 censeo
1528 351 1578 389 iis
1605 351 1791 391 imitato-

203 418 319 457 ribus
340 428 445 470 quos
471 418 644 456 Flaccus
670 418 839 456 vocavit
868 428 1030 456 serrum
1047 428 1182 467 pecus.
1212 415 1378 453 Faciem
1399 414 1616 465 propriam
1644 417 1685 454 et
1710 413 1792 453 vir-

202 483 333 519 tutem
355 480 475 531 quasi
502 479 743 529 genuinam,
767 480 893 518 etiam
913 480 954 517 in
983 479 1203 524 imitando,
1229 477 1477 528 plerumque
1505 476 1692 515 retinuit.
1715 477 1790 516 Ne-

202 542 358 581 minem
393 541 594 592 expilavit
622 553 630 580 :
662 542 797 580 aliena
825 541 1013 580 carmina
1044 552 1119 592 pro
1156 540 1242 578 suis
1276 550 1492 589 nunquam
1528 538 1787 578 ostentavit:

201 604 297 643 inde
329 604 374 642 fit
401 607 446 643 ut
476 604 652 642 multum
682 604 906 642 invaluerit
939 604 978 641 in
1015 603 1149 654 poetis
1180 601 1396 639 furacibus
1424 599 1663 648 irridendis,
1687 611 1792 651 prae-

201 667 320 718 cipue
335 666 517 718 quodam
539 666 724 717 Leptim,
748 666 980 717 impudenti
999 665 1181 703 Maronis
1204 663 1465 714 Nasonisque
1501 662 1788 713 compilatore.

555 791 656 824 Forte
678 794 775 824 tuum
802 790 929 825 librum
953 801 1029 825 sum
1052 793 1187 829 nactus,
1209 790 1370 833 Lepticc;
1394 788 1473 830 legi,

598 840 634 872 Et
652 838 807 881 jucunda
829 839 914 871 mihi
937 838 1040 871 lectio
1063 841 1132 871 tota
1155 838 1219 870 suit
1246 848 1252 869 :

552 886 710 921 Carmina
733 889 816 918 sunt
838 886 907 919 illic
929 886 984 918 vel
1008 895 1145 918 summo
1163 884 1267 926 digna
1290 885 1442 924 Marone,

593 932 711 972 Qualia
733 933 788 965 vel
804 933 893 965 Naso
914 932 1156 975 composuisse
1176 931 1263 964 velit
1285 943 1292 962 :

553 981 628 1014 Non
649 980 746 1023 potui
768 980 891 1017 risum,
913 980 1082 1022 pulmone
1103 979 1265 1021 agitante,
1289 982 1420 1017 tenere,

592 1028 660 1060 Nec
680 1027 791 1059 risum
808 1027 952 1060 comites
969 1026 1173 1059 continuere
1195 1026 1274 1058 mei.

551 1075 704 1107 Risimus
726 1074 862 1116 egregie
883 1077 915 1107 et
936 1074 1049 1107 varias
1073 1074 1280 1115 agnovimus
1302 1072 1384 1112 alas,

591 1123 632 1154 Se
653 1121 782 1166 quibus
800 1124 946 1154 exornat
968 1122 1129 1164 Lepticus
1150 1124 1253 1164 atque
1273 1121 1368 1153 volat
1388 1130 1396 1152 :

551 1169 630 1202 Mox
654 1171 707 1209 (ut
728 1178 817 1212 saepe
840 1168 929 1202 solet
950 1169 1097 1201 transire
1117 1167 1160 1201 ad
1181 1168 1269 1201 seria
1291 1168 1397 1208 risus)

592 1216 748 1249 Festinat
768 1225 902 1258 pennas
923 1226 1064 1259 carpere
1082 1215 1233 1258 quisque
1254 1224 1333 1247 suas
1356 1225 1362 1246 :

551 1264 579 1297 A
600 1264 710 1306 capite
731 1263 774 1296 ad
792 1263 920 1296 calcem
936 1262 1168 1306 disrumpitur
1190 1272 1293 1295 omne
1315 1261 1496 1299 volumen,

590 1311 730 1343 Viscera
753 1314 835 1343 sunt
857 1311 983 1343 misero
1008 1309 1173 1343 dilaniata
1192 1309 1281 1342 libro
1308 1320 1315 1341 ε

549 1357 651 1391 Nulla
672 1357 754 1390 libri
777 1362 938 1400 superest
959 1357 1062 1389 facies
1080 1361 1114 1390 et
1136 1357 1261 1400 pagina
1285 1356 1393 1393 nulla,

588 1405 778 1447 Belliquias
799 1405 861 1437 atri
888 1405 1045 1437 fulminis
1067 1414 1142 1437 esse
1162 1407 1264 1446 putes
1288 1415 1294 1436 z

549 1452 649 1485 Nulla
668 1451 729 1485 tibi
752 1452 871 1484 infelix
894 1452 979 1485 facta
1000 1455 1052 1484 est
1072 1451 1212 1494 injuria,
1234 1451 1315 1484 llere

589 1500 727 1536 Desine,
750 1499 878 1541 dignus
900 1509 975 1532 eras
999 1500 1051 1532 his
1073 1500 1230 1541 graviora
1254 1499 1323 1542 pati
1348 1510 1354 1530 :

547 1547 694 1579 Nomine
715 1547 875 1589 chticus
894 1556 941 1583 es.
965 1557 1000 1579 re
1024 1548 1209 1587 Cleptwus,·
1234 1546 1337 1578 unica
1358 1546 1492 1579 cunctis

589 1593 715 1627 Addita
738 1594 907 1636 significat
930 1593 1043 1627 littera
1064 1594 1177 1637 qualis
1201 1594 1304 1626 homo
1329 1603 1364 1626 es
1382 1595 1406 1625 1.

274 1707 354 1745 Nec
384 1706 580 1757 antiquos
622 1706 746 1744 modo
785 1706 1006 1744 {emulatus
1043 1708 1105 1743 est
1136 1708 1297 1751 noster,
1337 1704 1616 1743 recentiorum
1661 1703 1787 1742 etiam

195 1767 383 1805 carmina
410 1766 450 1803 in
484 1777 679 1804 numeros
708 1766 860 1804 latinos
899 1765 1134 1810 transtulit;
1158 1765 1351 1816 quaedam
1373 1776 1393 1802 e
1417 1775 1554 1814 graeco
1575 1763 1786 1810 Politiani,

196 1826 348 1864 Tusani
384 1829 423 1864 et
456 1825 583 1864 Samii
601 1824 629 1872 ²,
665 1825 856 1876 quaedam
891 1836 912 1862 e
938 1824 1164 1863 vernaculo
1198 1823 1468 1862 Petrarchae³
1505 1826 1544 1862 et
1574 1822 1745 1870 Maroti3
1771 1822 1784 1844 ⁴

194 1888 294 1939 quin
331 1888 456 1927 etiam
490 1890 650 1926 veteres
690 1886 832 1925 Galliae
871 1889 1017 1938 poetas
1051 1887 1145 1925 licet
1173 1886 1440 1936 elegantioris
1481 1897 1611 1924 musae
1645 1884 1784 1930 rudes,

256 2020 286 2051 l.
308 2019 426 2060 Nuyw,
450 2018 508 2057 111,
532 2020 603 2050 439.

254 2073 285 2103 Ω.
307 2072 464 2105 Carmina
489 2072 627 2104 circiter
647 2071 901 2114 quinquaginta
922 2081 939 2104 e
967 2081 1078 2113 graeco
1109 2071 1213 2104 Samii
1236 2071 1270 2103 in
1303 2070 1449 2104 latinum
1477 2070 1662 2103 convertit.
1691 2069 1786 2103 Nihil

192 2119 234 2152 de
256 2119 316 2152 illo
338 2122 437 2163 poeta
457 2119 626 2162 comperti
648 2122 710 2157 est,
735 2120 802 2151 nisi
826 2130 902 2162 quie.
934 2119 1199 2162 condiscipulus
1222 2118 1419 2152 Borbonius
1448 2119 1483 2150 in
1508 2118 1615 2160 Nugis
1645 2117 1784 2155 dixerit,

193 2166 326 2200 scilicet
345 2167 499 2200 Samium
523 2167 627 2199 fuisse
651 2167 916 2208 Lingonensem,
942 2167 975 2199 in
1000 2170 1147 2209 utraque
1174 2166 1293 2209 lingua
1320 2166 1534 2210 praestitisse,
1556 2166 1672 2208 inopia
1693 2164 1787 2198 labo-

192 2224 287 2247 rasse
308 2218 341 2248 et
361 2214 490 2248 obiisse
510 2217 588 2247 ante
608 2214 710 2246 diem.
737 2215 843 2247 Multa
872 2215 1011 2257 scripsit
1031 2215 1208 2254 amatorie,
1238 2214 1344 2247 multa
1367 2213 1552 2252 ssebiliter3
1576 2212 1733 2246 condidit
1753 2217 1787 2247 et

192 2263 342 2305 plurima
364 2263 611 2305 epigrammata
634 2272 710 2305 qum
732 2272 810 2294 cum
835 2262 941 2304 Nugis
959 2262 1121 2295 Borbonii
1144 2262 1287 2295 minime
1309 2261 1519 2304 discrepant.
1535 2261 1697 2300 Quinimo
1713 2264 1786 2294 tan-

192 2313 261 2342 tam
283 2310 374 2342 inter
386 2319 421 2342 se
445 2309 573 2342 liabent
593 2309 860 2343 similitudinem
884 2310 1067 2353 utriusque
1089 2312 1198 2352 poetae
1221 2309 1386 2348 carmina,
1415 2312 1453 2341 ut
1474 2319 1510 2341 ea
1532 2308 1626 2341 dicas
1650 2317 1691 2340 ex
1712 2317 1784 2340 uno

193 2361 225 2390 et
246 2357 366 2390 eodem
387 2357 555 2400 scriptore
577 2358 715 2389 emiSsa.

252 2436 281 2467 3.
306 2435 367 2468 Ex.
388 2444 583 2468 vERNAeULo
605 2435 814 2467 Pssrnmzcnffi
836 2445 877 2466 1›E
900 2435 1024 2474 Len-ni,
1048 2435 1122 2474 VII,
1145 2437 1195 2468 51.

510 2530 610 2563 Parva,
629 2530 760 2562 viatores,
782 2531 841 2557 hcec
862 2534 913 2562 est,
931 2539 1015 2565 quam
1036 2531 1160 2563 cernitis,
1176 2540 1246 2558 urna
1269 2539 1275 2558 t

581 2572 626 2598 Nil
645 2576 736 2599 tamen
757 2572 809 2598 hoc
830 2572 932 2606 majus,
954 2572 1028 2606 quod
1049 2573 1132 2607 capit,
1151 2581 1212 2599 esse
1228 2576 1327 2607 potest.

508 2612 580 2640 vicit
599 2617 690 2639 amala
711 2613 815 2648 stylum
835 2613 1017 2648 linguamque
1038 2622 1193 2649 omnesque
1215 2614 1334 2645 labores,

578 2654 610 2681 Et
631 2655 765 2689 quicquid
785 2655 874 2688 potuit
894 2662 979 2680 verus
999 2658 1024 2680 et
1047 2663 1110 2681 acer
1129 2664 1236 2682 amans.

507 2696 527 2723 O
549 2696 613 2722 felix
628 2696 730 2726 anima,
752 2695 847 2730 ecquis
868 2699 892 2721 te
912 2695 1068 2722 laudaverit
1088 2705 1213 2731 unquam

577 2737 693 2763 Talem?
710 2737 807 2768 Nemo,
832 2737 885 2762 nisi
904 2737 950 2771 qui
969 2740 1039 2763 tacet
1060 2741 1142 2771 atque
1160 2740 1265 2773 stupet.

505 2779 575 2805 Nam
594 2779 646 2804 nisi
664 2778 803 2804 laudantis
824 2786 927 2808 sermo,
951 2778 978 2803 id
999 2779 1074 2812 qnod
1092 2779 1195 2810 laudat,
1217 2779 1354 2814 adaequet.

576 2821 687 2854 Ingrata
710 2818 769 2844 haec
790 2818 898 2844 nullum
918 2818 1007 2853 gralia
1024 2819 1134 2853 pondus
1155 2819 1247 2845 habet.

249 2917 278 2945 4.
302 2913 512 2946 Clementem
537 2913 706 2945 Marotum
736 2910 931 2944 Borbonius
962 2911 1105 2954 plurimi
1139 2911 1294 2949 faciebat.
1319 2910 1424 2955 idque
1455 2912 1528 2954 ipse
1561 2914 1706 2945 testatus
1727 2915 1777 2947 est

187 2961 251 2993 hoc
271 2960 345 2993 loco
363 2959 518 3003 epistolae
539 2958 580 2991 ad
604 2959 828 2992 Guillelmum
853 2959 1044 2991 Bostonum
1068 2969 1073 2990 :
1098 2972 1111 2987 «
1136 2959 1305 3001 Rhytmos
1328 2968 1388 2991 seu
1411 2968 1589 2997 numeros,
1616 2959 1774 3002 leporum

187 3017 225 3040 ac
243 3007 428 3049 gratiarum
450 3007 572 3049 plenos
596 3005 781 3039 Clementis
803 3006 921 3038 Maroti
945 3004 1103 3045 Cadurci,
1133 3005 1307 3047 ingeniosi
1333 3005 1498 3044 bominis,
1520 3004 1562 3037 ad
1586 3009 1618 3039 te
1644 3007 1773 3040 mittam
