1945 3256
198 225 234 253 'ill
756 229 808 259 ΗΕ
841 229 931 260 ΧἸΤΛ
958 229 1008 260 ΕΤ
1035 229 1232 263 sentinus.

279 301 335 339 Ne
363 303 456 352 quis
484 307 685 354 praeterea
719 306 806 343 sine
844 322 859 340 α
891 308 1018 346 armis
1051 324 1064 343 »
1098 309 1136 345 id
1165 312 1227 347 est
1254 309 1385 356 libris,
1416 311 1539 361 stylo„
1570 311 1727 349 chartis
1749 313 1789 349 et

200 365 432 402 atramento
454 365 640 404 scholam
664 371 790 417 petat.
816 369 926 406 Nihil
949 371 1057 407 enim
1083 371 1263 421 ineptius
1286 375 1357 410 aut
1373 373 1632 412 indecentius
1655 373 1787 411 videri

200 428 350 475 potest.
388 439 512 480 quam
546 429 717 467 militem
759 431 909 468 bellum
946 432 1075 479 adire,
1118 434 1246 471 armis
1281 435 1433 484 quihus
1469 439 1715 486 protegatur
1749 439 1789 473 et

202 486 366 526 hostem
390 489 561 540 impetat
582 492 797 541 neglectis.
821 494 882 530 Ad
905 495 1095 532 eumdem
1119 496 1304 543 modum,
1333 497 1585 548 discipulum
1607 497 1790 548 conspici

202 552 404 600 tanquam
438 551 478 588 in
512 554 703 602 prailium
738 554 1027 604 prodeuntem,
1070 558 1336 607 gymnasium
1378 559 1538 607 ingredi
1574 559 1788 604 inermem,

202 610 305 648 nihil
330 616 571 662 potestesse
587 626 609 651 a
626 616 812 655 studioso
834 617 1091 657 adolescente
1106 620 1240 671 magis
1259 621 1454 667 alienum,
1473 621 1577 659 nihil
1596 621 1790 672 ineptius,

204 672 307 710 nihil
329 674 631 715 inconcinnius.

491 805 527 837 V.
553 823 592 828 —
614 806 702 845 Quid
723 806 765 839 sle
786 808 936 849 plagosis
957 809 1096 842 Orbiliis
1119 812 1266 844 senserit
1292 811 1499 844 Borhonius.

285 910 503 960 Exquisita
524 912 594 950 illa
615 916 654 951 et
674 914 857 963 ingenua
877 915 1083 961 educatio,
1114 918 1277 967 qualem
1302 919 1521 969 proposuit
1544 918 1793 964 Boi-bonius,

207 983 300 1009 cum
322 973 459 1022 plagis
481 986 528 1012 ac
547 975 790 1014 verberibus
814 978 920 1015 male
947 979 1153 1028 congruit.
1188 980 1357 1029 Vir-gam
1383 984 1521 1018 tamen
1552 992 1598 1019 ac
1621 980 1795 1018 ferulam

207 1037 352 1072 auctor
378 1039 520 1074 noster
546 1048 627 1074 non
662 1039 832 1077 omnino
860 1040 1072 1090 repudiat3
1103 1041 1152 1079 iis
1174 1053 1272 1080 vero
1300 1046 1599 1093 praeceptorem
1622 1054 1796 1080 usurum

209 1106 299 1133 esse
321 1097 532 1150 moderate
555 1100 780 1139 existimat.
805 1101 962 1139 Pueros
985 1102 1037 1139 ad
1058 1102 1235 1141 honesta
1256 1105 1395 1142 studia
1416 1116 1497 1143 non
1521 1107 1683 1143 tantum
1706 1115 1797 1142 ver-

208 1157 377 1197 beribus
399 1164 602 1211 quantum
625 1162 795 1200 monitis
817 1175 863 1201 ac
885 1164 1069 1214 praemiis
1091 1169 1228 1204 censet
1248 1177 1333 1204 esse
1356 1167 1579 1205 ducendos.

519 1257 592 1289 Non
616 1258 683 1290 nisi
706 1262 886 1300 peccantes
912 1260 1056 1292 ferulam
1077 1261 1264 1304 virgasque
1287 1263 1416 1300 timete,

580 1306 668 1338 Sunt
689 1305 792 1348 flagra
815 1308 924 1346 malis,
947 1308 1100 1341 crustula
1123 1308 1237 1341 danda
1257 1308 1356 1342 honis
1382 1313 1405 1341 ¹.

289 1391 468 1431 Orbilios
489 1394 591 1440 odit,
615 1394 656 1432 id
679 1398 738 1433 est
761 1399 1038 1447 praeceptores
1061 1398 1156 1448 plus
1184 1410 1304 1448 aequo
1334 1398 1492 1447 rigidos
1519 1402 1559 1437 et
1580 1399 1649 1449 qui
1670 1411 1800 1449 vapu-

210 1453 319 1491 landi
351 1454 602 1494 liberalitate
635 1456 850 1495 effusiores
884 1462 995 1497 sunt.
1037 1459 1129 1506 Qui,
1163 1460 1261 1497 dum
1284 1464 1453 1498 monent
1483 1464 1555 1499 aut
1587 1461 1802 1510 corrigunt

213 1519 365 1563 errata,
403 1529 450 1556 eo
478 1530 779 1570 nonnunquam
814 1520 1104 1571 provehuntur
1132 1522 1285 1560 furoris
1313 1522 1503 1562 homines
1544 1523 1800 1574 impotentis-

212 1579 320 1625 simi,
346 1583 390 1618 ut
415 1596 428 1615 «
456 1581 495 1618 in
518 1580 597 1619 hoe
624 1586 769 1621 sancto
797 1584 980 1633 negotio,
1005 1588 1050 1622 ut
1072 1585 1128 1622 ait
1149 1585 1406 1631 Caurresius,
1431 1586 1541 1636 quod
1572 1586 1731 1637 pudore
1753 1596 1800 1623 ac

212 1640 501 1680 benevolentia
528 1644 694 1682 retineri
724 1645 858 1686 debet„
902 1646 1073 1684 fulmine
1095 1645 1216 1697 quasi
1237 1647 1471 1694 deturbent,
1502 1660 1550 1686 ae
1571 1648 1801 1686 stedissima

212 1704 409 1750 convitia,
434 1716 483 1742 ne
513 1707 660 1744 scortis
688 1707 855 1757 quidem
882 1709 1176 1758 permittenda,
1209 1710 1379 1760 spirent.
1414 1725 1424 1744 ›>
1450 1710 1634 1748 Perdunt
1662 1711 1801 1761 itaque

207 1765 470 1815 juventutem
509 1769 663 1806 nedum
705 1770 941 1813 emendent:v
978 1771 1096 1809 labor
1133 1774 1171 1809 et
1206 1772 1419 1821 ingenium
1457 1773 1716 1821 extinguitur
1755 1784 1802 1810 ac

210 1827 335 1877 friget
374 1840 492 1867 amor
528 1834 696 1869 mutuus
733 1833 802 1881 qui
837 1836 1000 1870 tantum
1027 1833 1096 1871 hic
1129 1833 1255 1872 habet
1286 1833 1433 1883 frugis,
1469 1837 1670 1884 quantum
1701 1835 1802 1885 ipsa)

212 1889 361 1928 litterae
380 1891 687 1931 admirationis.
717 1894 1000 1933 Reformidant
1021 1907 1115 1933 eum
1139 1895 1320 1933 infelices
1343 1896 1642 1942 adolescentes,
1667 1896 1800 1946 cujus,

214 1953 532 1991 mansuetudine
570 1955 694 1993 illecti
729 1956 961 1994 litterarum
995 1957 1294 2007 cupiditatibus
1322 1958 1571 1995 inflammari
1602 1962 1725 2009 atque
1754 1959 1803 1996 ad

217 2024 381 2052 omnem
403 2016 653 2054 modestiam
674 2019 868 2068 componi
892 2019 1110 2056 dehebant.

294 2077 387 2114 Jam
415 2079 611 2117 Erasmus
644 2080 867 2118 laeesserat
894 2082 1091 2130 plagosos
1121 2081 1212 2119 illos
1241 2082 1493 2120 litteratores
1522 2083 1591 2132 qui
1620 2098 1632 2117 α
1659 2082 1801 2133 juven-

214 2141 343 2176 tutem
368 2140 609 2178 verberibus
631 2146 669 2179 et
694 2143 814 2179 minis
837 2142 1173 2180 excarnificatam
1197 2147 1236 2181 et
1258 2144 1361 2181 scire
1385 2144 1487 2181 nihil
1510 2148 1547 2182 et
1571 2145 1648 2182 sihi
1674 2146 1805 2183 videri

218 2200 320 2237 nihil
345 2202 447 2238 seire
470 2202 670 2241 docebant
704 2219 731 2240 ο.
757 2205 924 2241 Aeriore
950 2216 1067 2242 niusa
1091 2206 1322 2243 llorhonius
1354 2206 1567 2243 invehitur
1590 2207 1629 2244 in
1653 2207 1805 2245 Candi-

218 2262 310 2307 lios,
348 2262 581 2302 Grondillos
615 2266 738 2315 idque
767 2277 898 2315 genus
930 2271 1222 2317 prrecwtores,
1260 2268 1496 2318 impudicos
1526 2269 1805 2319 puellulorum

217 2324 420 2362 femorum
456 2327 709 2378 palpatores,
753 2329 896 2367 doctos
937 2332 1097 2368 tantum
1139 2331 1374 2376 verberare,
1416 2331 1530 2368 culos
1570 2343 1735 2369 verrere
1768 2335 1807 2370 et

218 2398 357 2425 secare
381 2388 410 2425 2.

299 2450 415 2488 Dolet
453 2453 687 2501 praesertim
733 2454 858 2504 quod,
902 2454 942 2491 in
983 2453 1231 2493 humaniore
1268 2456 1437 2503 szeculo,
1479 2456 1666 2506 pristinae
1714 2456 1806 2494 har-

215 2511 344 2550 barit‘e
367 2513 485 2562 quasi
507 2515 677 2561 conscii,
700 2520 894 2565 parentes
917 2528 999 2555 non
1021 2517 1261 2555 dubitarent
1281 2518 1455 2556 tenellos
1477 2530 1574 2556 suos
1595 2521 1714 2557 natos
1736 2518 1803 2557 his

217 2572 364 2612 belluis
386 2575 635 2615 erudiendos
654 2578 718 2616 vel
739 2579 879 2629 potius
901 2579 1261 2618 excarnificandos
1285 2581 1544 2619 committere
1567 2593 1573 2618 2

281 2686 309 2715 ·l.
332 2684 579 2728 Paedayoyitcm.

671 2756 758 2785 Quem
777 2755 874 2785 nostis,
895 2755 985 2780 honus
1004 2755 1048 2781 ille
1063 2756 1206 2782 litterator.

676 2795 733 2825 Ille,
750 2796 872 2829 inquam,
891 2797 1021 2830 optimus.
1045 2797 1089 2822 ille
1110 2797 1288 2831 pwdaf-rogus.

679 2836 711 2861 lii
731 2837 786 2862 (lux
806 2837 947 2863 Candilius
964 2838 1161 2871 puelluloruin.
1181 2842 1205 2863 cl

679 2878 807 2912 Palpator
822 2879 957 2904 femorum
975 2878 1170 2912 puellulurum,

678 2919 781 2945 noctus
798 2921 914 2949 medere,
934 2921 1081 2946 verberare
1102 2921 1210 2947 doctus.

679 2962 760 2987 Culus
781 2962 1004 2988 x·t·1·1·c1·c‹l=›rl;1s
1022 2965 1046 2987 ct
1068 2970 1160 2987 serare

1500 3039 1596 3074 Nic-qm,
1616 3039 1635 3073 1,
1662 3041 1699 3066 22.
