1945 3256
228 227 267 257 78
785 221 840 252 DE
861 219 953 251 WTA
982 220 1032 251 ΕΤ
1060 217 1264 250 SCRIPTIS.

405 360 459 391 lx.
484 378 520 382 —
544 360 717 397 Quosnam
739 359 896 389 auctores
913 356 1072 398 inprimis
1096 353 1261 393 1000111105
1282 356 1420 386 censeat
1439 352 1646 386 Borbonins.

310 483 425 521 Licet
446 482 485 519 in
508 481 639 531 Νηρίς
660 480 922 531 antiquitatis
945 480 1168 530 scriptores
1191 478 1275 516 fere
1297 489 1439 516 omnes
1464 477 1711 525 laudaverit,
1734 487 1819 515 non

229 549 369 584 tamen
393 555 536 582 omnes
565 542 930 581 indiscriminatim
962 554 985 579 a
1019 542 1157 592 pneris
1185 540 1381 590 legendos
1411 543 1548 578 censet
1570 539 1817 585 Borbonius,

232 608 302 646 sed
332 618 402 645 eos
435 606 568 653 solum
601 604 880 655 (primoribus
903 604 1153 651 conducunt,
1178 607 1216 642 et
1244 614 1295 640 ex
1324 613 1503 652 quorum
1532 601 1707 640 lectione
1736 612 1819 639 non

231 669 310 708 nisi
331 668 504 720 probior
525 670 649 718 atque
670 666 907 716 religiosior
923 665 1088 715 juvenis
1110 665 1285 716 quisque
1307 664 1484 702 evadere
1507 666 1632 714 queat
1650 675 1658 701 ε

519 778 568 810 De
590 776 688 809 libris
710 786 717 807 :
740 786 862 809 omnes
883 775 983 809 vobis
1001 785 1070 808 non
1093 784 1168 808 esse
1190 773 1358 816 legendos

560 825 690 857 Censeo
709 834 715 855 :
739 834 809 856 non
832 833 953 856 omnes
976 822 1131 856 moribus
1156 826 1231 866 apta
1253 822 1379 854 (locent
1402 823 1424 851 ¹.

309 924 431 962 Errat
452 925 649 961 eaeterum
677 921 831 972 saepius
857 921 927 972 qui
949 920 1125 958 nimium
1148 919 1301 957 multos
1323 918 1513 968 sequitur
1536 917 1676 955 ealles.
1712 915 1823 955 Sciat

231 987 299 1024 ille
333 997 375 1024 se
407 985 634 1036 plurimum
665 983 890 1034 profecisse
924 983 989 1021 0111
1019 982 1158 1033 pauci,
1191 981 1262 1020 sed
1294 979 1596 1031 probatissimi,
1631 981 1822 1018 auctores

230 1048 479 1100 placuerint.
503 1048 547 1084 In
577 1057 651 1084 suo
673 1044 907 1096 Pwdasfossz'o
929 1045 1029 1083 satis
1052 1048 1192 1095 aperte
1220 1043 1421 1081 indicavit
1447 1041 1678 1081 Borbonins
1700 1052 1823 1092 quos-

229 1122 336 1150 nam,
363 1109 588 1160 scriptores
629 1120 652 1145 a
691 1108 830 1158 pueris
868 1107 1066 1157 legendos
1104 1110 1158 1153 et,
1192 1109 1237 1144 ut
1269 1105 1514 1143 Erasmiano
1545 1104 1675 1142 verbo
1711 1106 1819 1149 utar,

235 1188 249 1208 «
277 1171 540 1210 imbibendos
562 1182 650 1209 esse
677 1185 690 1204 »
717 1170 952 1209 existimet:
974 1170 1201 1207 Homerum
1225 1168 1381 1206 scilicet
1403 1171 1441 1205 et
1463 1167 1687 1205 Hesiodum
1711 1165 1823 1216 apud

231 1235 417 1279 Graecos,
442 1233 681 1283 Virgilium,
711 1233 920 1278 Flaccum,
946 1232 1199 1277 Terentium,
1223 1230 1404 1268 Tullium
1428 1232 1467 1267 et
1493 1229 1682 1280 Crispum
1711 1227 1822 1279 apud

230 1298 401 1336 Latinos
421 1309 427 1334 :

479 1394 567 1425 Sunt
589 1393 678 1424 inter
700 1392 820 1424 Graios
841 1391 1007 1434 permulti
1031 1392 1190 1434 interque
1210 1390 1365 1429 Latium,

520 1440 668 1472 Nomina
689 1439 745 1471 vel
768 1449 916 1482 quorum
940 1438 1103 1471 didicisse
1120 1437 1238 1470 velim.

478 1487 617 1519 Flaccus
639 1485 741 1518 babet
762 1496 926 1518 numeros
950 1486 1076 1528 puerili
1099 1489 1237 1527 pectore
1260 1484 1387 1527 dignos
1408 1494 1415 1514 :

519 1535 706 1566 Prwnnnet
729 1534 855 1565 Ascrcet'
875 1544 960 1566 vena
978 1533 1075 1565 beata
1097 1533 1200 1565 senis.

479 1582 561 1621 Quis
584 1591 654 1614 non
680 1581 872 1622 Viryilium,
891 1581 970 1623 quis
992 1590 1061 1612 11011
1084 1580 1230 1612 miretur
1245 1580 1453 1611 Homerum?

521 1629 602 1667 Quis
622 1638 692 1661 non
715 1628 936 1660 flexanimam
955 1628 1026 1660 vim
1051 1628 1216 1659 Ciceronis
1238 1627 1357 1659 emet‘?

479 1675 600 1708 Cultus
622 1676 714 1718 apud
738 1676 894 1715 Crispum
915 1675 983 1707 leni
1006 1674 1082 1706 111111
1102 1675 1239 1715 agmine
1262 1683 1389 1712 sermo,

519 1723 578 1756 Cui
601 1722 713 1764 stylus
739 1725 790 1754 051
812 1723 896 1754 mira
920 1732 999 1754 cum
1022 1722 1190 1754 brevitate
1209 1721 1335 1761 gravis.

479 1771 536 1801 Set
558 1770 683 1802 meruit
704 1769 854 1811 palmam
876 1773 1118 1812 punctumque
1142 1769 1310 1800 Terentius
1332 1777 1434 1800 omn}
1457 1778 1466 1798 :

519 1817 625 1849 Tanta
647 1820 699 1849 est
719 1816 848 1859 eloquii
870 1817 978 1859 copia,
1002 1819 1093 1848 tanta
1116 1826 1240 1848 venus.

312 1923 629 1974 Priorespartes
648 1922 782 1973 poetis
802 1922 947 1960 tribuit
965 1921 1055 1973 (nec
1071 1922 1224 1959 mirum
1246 1933 1338 1959 011111
1355 1921 1408 1959 511
1429 1921 1517 1972 11150
1540 1918 1679 1971 poeta)
1697 1923 1821 1971 atque

233 1986 339 2024 inter
360 1997 430 2024 eos
458 1985 587 2036 (quod
609 1985 783 2022 forsitan
807 1984 1030 2035 mirabere)
1059 1984 1296 2023 Terentium
1324 1983 1509 2034 primatu
1531 1983 1721 2029 decorat,
1751 1981 1822 2020 sed

232 2048 272 2085 in
300 2048 379 2086 hac
409 2059 452 2085 re
483 2059 577 2085 011111
605 2047 779 2085 Erasmo
811 2047 1015 2084 consentit
1047 2047 1116 2097 11111
1151 2046 1387 2084 accuratius
1422 2045 1623 2083 indicavit
1649 2055 1823 2094 quamo-

232 2110 347 2147 brem
370 2110 419 2147 de
447 2109 592 2147 ordine
615 2109 738 2147 solito
769 2109 993 2147 decesserit
1009 2109 1038 2146 2.
1071 2108 1171 2146 Cum
1195 2108 1303 2145 enim
1337 2107 1529 2157 discipuli
1553 2107 1604 2143 ad
1627 2106 1825 2143 citissime

231 2172 360 2210 latino
391 2183 582 2210 sermone
616 2171 871 2221 loquendum
912 2174 951 2209 01
990 2170 1255 2208 scribendum
1296 2170 1626 2215 instituerentur,
1668 2178 1820 2206 comoe-

233 2233 396 2271 diarum
429 2233 672 2271 auctoribus
704 2233 887 2284 primum
924 2233 1059 2271 locum
1094 2233 1221 2271 tribui
1256 2234 1581 2270 consentaneum
1616 2233 1718 2276 erat,
1753 2229 1823 2280 qui

232 2307 314 2334 non
335 2296 460 2334 modo
487 2310 505 2330 «
529 2295 765 2345 argumenti
788 2295 983 2333 illecebra
1005 2296 1145 2346 aliqua
1164 2294 1419 2333 discentibus
1440 2292 1762 2331 blandiebantur
1789 2308 1821 2339 »‚

232 2358 303 2395 sed
334 2369 385 2396 ex
412 2357 564 2409 quibus
597 2357 817 2395 familiaris
851 2357 1046 2408 loquendi
1077 2356 1334 2395 consuetudo
1364 2356 1520 2406 optime
1555 2357 1595 2393 et
1627 2354 1823 2392 facillime

231 2419 393 2457 hauriri
421 2423 601 2471 poterat.
624 2420 715 2457 Non
746 2422 911 2457 tantum
935 2420 1064 2469 igitur
1095 2419 1344 2468 elegantiam
1377 2417 1580 2456 sermonis
1607 2420 1647 2455 et
1676 2427 1823 2454 venus-

231 2484 360 2519 tatem
389 2481 429 2518 in
462 2481 654 2519 Terentio
678 2481 883 2532 spectavit
911 2481 1161 2528 Borbonius,
1185 2481 1257 2519 sed
1280 2481 1405 2519 etiam
1427 2479 1538 2531 (licet
1565 2479 1606 2516 id
1630 2477 1822 2528 tacuerit)

233 2543 536 2593 discipulorum
560 2543 798 2581 utilitatem.

479 2679 519 2711 X.
538 2699 574 2704 —
591 2680 657 2712 Sua
681 2680 815 2723 propria
838 2680 1004 2722 opuscula
1026 2682 1142 2724 pueris
1158 2679 1376 2724 praelegenda
1398 2679 1573 2723 proponit.

314 2795 505 2845 Plerique
527 2794 703 2845 hujusce
730 2796 870 2834 51001111
892 2797 1156 2845 grammatici
1178 2797 1262 2835 fere
1291 2797 1403 2834 nulla
1426 2796 1531 2833 inter
1560 2794 1755 2844 antiquos
1783 2795 1823 2831 et

233 2857 485 2895 recentiores
517 2857 656 2895 latina]
692 2858 846 2907 linguae
879 2863 1087 2906 auctores,
1109 2859 1335 2897 dummodo
1363 2857 1684 2909 probatissimos
1712 2855 1822 2906 judi-

297 2964 325 2993 1.
351 2963 596 3004 Predagyogyimn.

297 3011 327 3040 2.
351 3009 480 3041 Erasm.
504 3011 550 3042 De
572 3012 700 3044 ratione
720 3013 835 3051 studit,
859 3012 883 3044 Ι.
908 3023 940 3055 p.
965 3014 1035 3053 5521,
1061 3022 1101 3046 ex
1125 3013 1206 3045 01111.
1229 3013 1338 3055 Luad.
1360 3012 1473 3044 Batav.
1504 3013 1588 3043 1703.
