1945 3256
584 182 636 212 DE
661 181 756 212 VITA
779 181 951 211 NICOLAI
977 181 1188 212 BORBONII.
1638 181 1667 209 11

171 260 325 304 Quibus
348 260 396 296 de
420 260 554 297 causis
576 260 619 295 in
644 270 850 296 carcerem
875 257 1085 307 conjectus
1107 258 1227 296 suerit
1253 257 1354 294 nihil
1383 258 1550 295 omnino
1579 269 1671 293 enn-

93 321 219 359 cleate
241 321 403 371 apernit
421 320 664 358 Borbonius.
691 320 739 356 Se
760 319 887 356 fuisse
909 322 1025 356 extra
1047 320 1210 369 culpam
1234 319 1444 356 contendit
1463 331 1468 354 :

440 417 574 449 Nullius
598 416 736 450 sceler1s
758 426 890 453 caussa,
915 415 974 447 sed
996 417 1139 448 crimine
1162 416 1245 448 salso

440 463 685 502 Quorumdam,
709 466 811 505 atque
833 462 910 495 odio
929 473 1061 495 oar-,ere
1082 463 1220 495 clausus
1243 473 1333 494 eram
1348 463 1368 493 ¹.

171 562 336 599 Invidos
359 573 521 612 semper
543 562 704 599 incusat
730 574 735 597 ;

398 660 576 690 Insonteni
599 658 770 700 quamvis.
798 668 850 689 ine
871 658 904 688 in
928 667 1065 690 carcere
1086 658 1174 689 livor
1200 657 1355 695 habebat,

401 706 545 747 Jamque
569 704 643 736 neci
665 703 813 738 dandus.
840 714 933 736 inore
956 706 1124 741 nocentis,
1148 705 1274 736 erain2.

170 804 218 840 Et
239 802 389 840 alicubi
413 802 613 840 instillare
635 802 798 839 videtur
819 814 860 840 se
883 807 1054 852 propter
1074 803 1249 839 nimium
1273 803 1311 839 in
1335 805 1594 840 renascentes
1612 802 1673 839 lit—

91 868 200 902 teras
221 875 403 902 amorem
424 864 549 901 fuisse
572 867 767 901 vexatum
794 876 799 899 :

460 963 522 1000 Qui
546 965 612 993 tam
636 961 743 993 multa
765 961 826 993 tuli
850 971 961 1004 usque
981 961 1106 1000 adhuc,
1128 965 1159 993 et
1181 971 1255 994 6666

460 1008 523 1045 Qui
546 1011 613 1039 tam
638 1008 744 1039 multa
767 1008 834 1039 fero
856 1010 889 1039 et
913 1007 1017 1039 feram
1044 1007 1192 1039 libenter

461 1055 709 1085 anascentium
728 1064 839 1085 amore.
858 1055 1079 1086 litteral-anfi.

166 1142 263 1184 Quae
285 1139 457 1177 forsitan
480 1150 604 1176 causa
625 1138 701 1175 fuit
723 1150 850 1188 quare
873 1139 1172 1184 includeretur3
1194 1150 1288 1175 nam
1306 1139 1345 1175 in
1368 1138 1580 1176 versieulis
1603 1141 1673 1175 aut

91 1202 131 1238 in
163 1201 348 1251 epistolis
376 1200 564 1238 homines
590 1200 878 1237 vehementius
906 1199 1139 1244 lacesserat⁹
1174 1201 1243 1250 qni
1273 1200 1485 1250 politiores
1516 1199 1673 1236 litteras

92 1262 363 1313 inprimisque
391 1274 549 1311 graecas
579 1262 751 1299 oderant
774 1265 810 1299 61
846 1262 1115 1299 clamitabant
1143 1261 1304 1299 hostem
1327 1273 1414 1299 esse
1436 1261 1673 1298 christianae

93 1325 306 1374 religionis
329 1324 580 1374 quicumque
595 1335 726 1372 graece
743 1323 925 1360 studeret
942 1327 1012 1361 aut
1030 1323 1281 1373 loqueretur,
1302 1323 1452 1360 Bedam
1468 1322 1480 1343 s*
1504 1323 1671 1366 scilieet,

93 1386 278 1435 aliosque
300 1386 501 1423 barbaros
528 1397 631 1434 quos
653 1385 758 1422 fictis
787 1385 1023 1422 nominibus
1052 1384 1323 1428 Grondillum‚
1355 1385 1672 1426 Glosserionem,

94 1448 325 1497 Hugonem,
350 1447 565 1484 Rabellum
585 1450 822 1484 vocaverat.

172 1510 203 1547 Ii
224 1521 335 1554 sane,
354 1509 523 1547 ultionis
545 1520 684 1549 causa,
709 1521 801 1546 cum
826 1508 1063 1546 Lutherana
1084 1508 1255 1547 haeresis
1277 1520 1451 1558 magnos
1473 1508 1675 1558 quosdam

96 1573 204 1609 viros
220 1572 303 1608 fere
324 1571 545 1614 infecisset,
564 1571 817 1608 BorlJonium
835 1571 977 1607 eadem
997 1582 1160 1620 quoque
1177 1571 1380 1608 exarsisse
1395 1570 1562 1608 flamma
1576 1581 1673 1607 con-

92 1633 325 1674 tenderunt,
350 1635 401 1673 61,
420 1632 612 1682 quamvis
635 1632 721 1682 ipse
743 1632 1025 1682 suspicionem
1048 1632 1161 1669 illam
1185 1632 1375 1682 plurimis
1398 1632 1437 1668 in
1459 1632 1559 1669 locis
1580 1642 1675 1681 ope-

93 1706 183 1732 rum
217 1705 386 1731 suorum
421 1697 665 1739 removeret,
705 1693 812 1731 hunc
849 1696 1078 1742 arguerunt
1114 1693 1320 1731 htcreseos
1355 1694 1526 1731 forsitan
1561 1693 1671 1743 quia,

91 1756 333 1794 Erasmiano
356 1767 484 1794 more.
504 1767 652 1806 parum
673 1754 900 1793 honorifice
922 1755 971 1792 de
994 1755 1280 1793 monachismo
1297 1755 1486 1794 dixerat5
1504 1758 1543 1792 et
1558 1754 1674 1792 fami-

91 1819 248 1856 liariter
267 1817 461 1855 utebatur
482 1818 654 1857 Maroto,
683 1817 863 1854 Sturmio
887 1817 1060 1867 aliisque
1085 1818 1182 1855 viris
1210 1818 1280 1867 qui
1309 1829 1331 1854 a
1358 1829 1455 1855 vera
1476 1817 1675 1866 religione

91 1880 315 1917 desciscere
336 1880 583 1917 videbantur
597 1879 627 1917 ⁶.

170 1942 269 1979 Cum
291 1953 333 1979 se
356 1941 575 1979 tenebroso
598 1941 638 1978 in
661 1952 824 1979 carcere
848 1942 1034 1979 clausum
1054 1941 1157 1979 vidit
1180 1941 1444 1991 humanaque
1467 1953 1544 1991 ope
1564 1942 1676 1979 omni

91 2004 346 2046 destitutum,
366 2015 458 2041 cum
476 2015 600 2052 grege
624 2004 805 2041 sontium
826 2004 895 2053 qui
913 2002 1000 2053 jam
1021 2004 1255 2041 carnificem
1278 2003 1491 2047 timebant,
1514 2014 1675 2041 crucem

92 2069 131 2103 et
152 2066 351 2116 quidquid
375 2066 570 2116 supplicii
594 2065 730 2103 ultimi
753 2069 839 2103 erat
858 2067 887 2103 ⁷.
913 2065 1077 2103 horruit
1107 2070 1143 2103 et
1172 2066 1297 2116 coepit
1318 2065 1485 2115 ejulare.
1510 2065 1678 2115 Ecquod

88 2130 253 2165 tantum
275 2128 430 2165 malum
452 2131 539 2166 erat
559 2127 670 2177 quod
692 2127 733 2164 in
755 2127 842 2177 ejus
865 2128 1100 2166 calamitate
1123 2139 1205 2165 non
1228 2126 1360 2166 foret?
1383 2128 1550 2165 Poterat
1571 2126 1678 2164 obli-

92 2189 194 2227 visci
224 2190 293 2239 qui
324 2201 456 2240 nuper
488 2189 659 2227 fuisset?
690 2201 771 2227 non
806 2190 960 2227 sentire
993 2190 1062 2240 qui
1096 2201 1205 2227 nunc
1241 2188 1371 2227 foret?
1406 2201 1488 2240 qua
1520 2192 1678 2227 careret

94 2250 252 2299 gloria?
286 2262 367 2301 quo
402 2249 602 2288 munere?
633 2262 714 2301 quo
752 2250 926 2289 honesto
960 2250 1102 2289 victu?
1139 2252 1288 2301 quibus
1326 2249 1498 2288 amicis?
1528 2251 1677 2301 quibus

92 2312 330 2362 discipulis?

169 2374 249 2411 Nec
271 2373 358 2423 ejus
386 2374 586 2412 molestiis
617 2385 743 2424 sopor
770 2374 999 2423 quidquam
1023 2374 1346 2424 intercapedinis
1376 2374 1559 2420 ferebat3
1582 2385 1677 2410 nam

96 2435 130 2473 61
153 2435 374 2474 dormienti
396 2447 534 2473 mures
555 2436 807 2473 arrodebant
829 2438 868 2473 et
890 2436 1017 2486 pedes
1039 2439 1078 2474 et
1106 2448 1254 2473 manus
1274 2435 1302 2473 ⁸.
1333 2437 1444 2473 Tunc
1473 2435 1524 2473 ad
1551 2436 1677 2473 Deum

95 2508 239 2534 versus
263 2497 467 2535 coelestem
490 2497 731 2547 imploravit
754 2509 873 2547 opem
900 2510 906 2534 :

153 2623 181 2651 1.
205 2621 320 2661 Nuyoe,
343 2621 413 2656 Vll,
439 2622 506 2652 «119.

153 2669 182 2698 2.
208 2667 321 2707 Nuyoe,
340 2667 428 2706 VIII,
456 2670 501 2698 10„

153 2715 183 2745 3.
205 2714 320 2754 Nuyoe,
344 2714 432 2753 VIII,
460 2715 503 2745 15.

177 2785 182 2790 .
206 2760 319 2801 Nuyoe,
344 2761 414 2799 Vll,
438 2762 487 2792 45.

177 2832 181 2836 ,
206 2807 321 2848 Nuyoe,
346 2810 373 2844 1,
392 2811 460 2845 Mt),
482 2811 559 2845 21&
584 2808 625 2843 ΙΙ,
648 2810 706 2847 91;
731 2809 783 2842 lv,
809 2810 861 2844 ‘¹⁹23
882 2808 969 2843 vill,
993 2811 1061 2839 stall.

175 2879 180 2884 .
206 2855 320 2896 Nuyoe,
344 2856 384 2891 11,
409 2861 436 2893 7,
458 2858 532 2891 Γ102;
555 2856 609 2893 VI,
632 2858 682 2892 53,
705 2858 754 2891 54,
778 2860 840 2888 etc.

174 2926 180 2932 .
205 2903 318 2943 Nuyoe,
340 2903 409 2940 vll,
431 2905 481 2935 89.

174 2974 180 2980 .
203 2950 316 2989 Nuqoe,
342 2951 429 2988 VIII,
452 2955 480 2982 7.

152 2763 170 2791 ,μ

151 2809 170 2979 Οῦ-Ιῦὶυι
