1945 3256
163 225 202 254 36
722 218 777 249 DE
801 218 843 250 V1
854 217 898 249 ΓΑ
921 218 975 249 ΕΤ
997 217 1200 250 SCRIPTIS.

162 310 252 337 eam
275 298 400 336 fuisse
421 296 616 335 Borbonii
641 307 815 334 uxorem
843 300 871 333 ¹.
904 295 1007 333 Illud
1036 306 1133 333 vero
1156 293 1386 333 notandum
1409 297 1471 332 est
1494 293 1711 332 Rubellam
1734 306 1758 333 a

170 360 377 399 Borbonio
409 370 578 397 iurarem
612 369 825 408 nunquam
862 358 988 396 fuisse
1020 360 1227 403 vocatam,
1263 355 1335 394 sed
1365 355 1551 403 amicam,
1580 355 1758 406 puellam

165 421 435 461 doctissimam
456 425 490 459 et
515 419 834 470 ‘'teteyr’rrimmn,
861 420 1035 469 puellam
1065 418 1337 464 (metis-simam„
1359 420 1437 456 010.

235 485 454 529 Ρ11010100,
490 486 627 533 poeta,
675 494 767 520 eum
812 494 896 520 suae
932 481 1113 519 [tubellze
1148 481 1326 519 sormam
1361 491 1408 518 ac
1441 491 1612 518 veneres
1640 479 1756 518 miris

166 546 360 584 laudibus
377 545 505 591 effert,
519 544 619 582 nihil
640 544 764 581 habet
781 544 819 581 in
832 543 1004 581 dicendo
1016 542 1275 581 verecundize
1289 553 1382 592 quae
1399 541 1516 580 decet
1531 541 1753 581 maritum:

498 654 589 687 Bella
613 664 661 692 es,
687 653 786 692 bella,
814 653 970 690 Rubella,
995 652 1084 686 bella
1101 656 1205 691 certe,

496 702 587 734 Bella
610 711 666 739 es;
692 699 793 733 crede
819 700 915 739 mihi,
938 700 1053 743 puella
1077 712 1083 731 :
1108 710 1186 731 nam
1208 700 1300 742 quis,

496 749 559 787 Qui
581 758 650 780 non
670 748 801 790 pruriat
823 746 861 779 ad
885 751 963 780 tuos
985 747 1113 780 ocellos
1129 748 1144 778 ἵ)

489 794 540 828 Ad
561 794 690 827 collum
706 795 722 825 ἵ)
746 798 848 836 atque
874 793 1070 826 sororculas
1088 792 1233 836 papillas
1248 794 1264 823 2?

498 843 579 881 Quis
601 851 671 874 non
693 840 811 873 ardeat
831 839 923 872 istud
945 839 1138 872 osculando
1159 848 1196 871 os
1213 840 1229 870 ἱ)

498 889 622 931 Ecquis
645 897 715 920 non
740 890 856 929 pereat
878 885 1027 919 libenter
1048 887 1105 918 isti

499 933 670 967 1110100110
695 934 818 966 femori
839 933 1054 966 cuniculanti
1068 934 1084 964 ἢ

498 982 579 1022 Quis
596 983 612 1013 ἣ
634 980 687 1012 vel
710 979 812 1018 Beda,
838 989 981 1012 severus
1003 979 1059 1012 ille
1081 989 1205 1011 censor

498 1029 536 1061 Et
557 1029 667 1061 nostri
690 1026 953 1059 Rhadamantus
975 1026 1062 1058 alter
1083 1026 1147 1058 {evi
1165 1028 1181 1057 ἵ)

499 1076 583 1108 Nam
605 1075 688 1107 (lum
710 1073 803 1106 nuda
825 1083 915 1115 genu
940 1073 1022 1106 salis
1049 1073 1244 1116 chorosque

497 1123 608 1155 Gestis
632 1120 769 1160 ducere,
793 1130 856 1153 nos
877 1119 981 1152 doces
1004 1119 1156 1158 abunde,

498 1170 604 1208 Quam
626 1169 673 1201 sis
698 1168 813 1211 digna,
836 1167 995 1207 Rubella,
1019 1167 1173 1210 nympha
1195 1167 1301 1199 amari
1317 1167 1342 1197 ².

248 1279 465 1319 Rubellam
479 1277 511 1315 si
525 1288 568 1315 re
580 1276 669 1327 ipsa
683 1274 951 1313 matrimonio
963 1273 1041 1311 sibi
1054 1272 1353 1324 conjunxisset,
1366 1273 1459 1324 quis
1475 1273 1676 1312 credatab
1688 1273 1756 1311 illo

168 1354 353 1393 unquam
382 1340 508 1378 fuisse
534 1340 750 1376 narratum
777 1337 960 1387 primum
990 1336 1105 1373 illum
1138 1347 1425 1384 congressum,
1455 1335 1637 1386 lepidum
1659 1346 1757 1373 sane

168 1418 214 1444 ac
254 1403 465 1449 festivum,
514 1400 584 1438 sed
631 1399 752 1438 valde
796 1398 1052 1445 indecorum„
1101 1409 1223 1448 quem
1266 1409 1359 1435 cum
1404 1396 1538 1434 amica
1585 1396 1756 1435 fortuito

167 1465 362 1505 hahuerit
386 1465 414 1501 ³.
433 1464 521 1501 Non
538 1462 637 1512 quin
653 1460 886 1499 existimem
903 1471 1066 1497 amores
1084 1458 1281 1497 Borbonii
1303 1458 1431 1496 fuisse
1447 1458 1614 1497 illicitos
1630 1470 1641 1505 3
1659 1470 1755 1496 nam

166 1530 199 1568 si
217 1527 422 1577 flagitium
439 1524 702 1568 innotuisset,
723 1522 837 1560 haud
859 1524 966 1560 certe
989 1521 1220 1559 Borbonius
1242 1521 1283 1558 in
1302 1521 1481 1570 gratiam
1502 1532 1549 1559 ae
1569 1520 1757 1558 favorem

167 1591 394 1644 praesulum
418 1592 457 1626 et
483 1587 720 1638 principum
739 1585 933 1630 venisset,
958 1595 1032 1622 nec
1048 1584 1083 1622 ei
1104 1583 1329 1633 Margarita
1345 1595 1365 1621 e
1386 1583 1575 1630 Francia,
1599 1583 1754 1621 Navar-

165 1665 307 1693 rorum
329 1652 489 1701 regina,
513 1649 640 1686 filiam
657 1659 774 1686 suam
796 1648 999 1685 Joannam
1022 1646 1299 1684 commisisset
1320 1645 1594 1684 educandam.

244 1715 419 1753 Inclinat
440 1713 602 1750 animus
625 1714 670 1748 ut
692 1710 924 1748 existimem
946 1708 1201 1746 Borbonium
1219 1708 1351 1746 amori
1374 1708 1578 1746 duntaxat
1591 1707 1754 1758 poetico

165 1778 398 1816 indulsisse.
424 1776 532 1820 Quot
553 1773 663 1811 enim
691 1771 921 1810 doctissimi
950 1771 1044 1818 viri,
1069 1774 1185 1809 sexto
1214 1770 1373 1809 decimo
1403 1771 1571 1817 saeculo,
1601 1770 1755 1808 latinos

164 1841 368 1890 elegiacos
404 1836 555 1876 imitati
598 1835 827 1885 secutique,
860 1834 1079 1872 lasciviore
1120 1845 1240 1871 musa
1280 1833 1399 1872 fictos
1438 1833 1754 1872 celebraverunt

164 1913 325 1941 amores
348 1912 421 1939 1100
450 1899 602 1937 idcirco
631 1897 769 1935 minus
792 1907 942 1946 graves
968 1899 1007 1934 et
1037 1896 1245 1946 sapientes
1269 1895 1379 1948 apud
1407 1895 1589 1946 {equales
1616 1894 1752 1932 habiti

226 2033 254 2063 11.
277 2030 433 2072 ι1110111101.
457 2027 570 2060 Nolice
602 2036 659 2057 sur
680 2025 817 2058 Mcotas
841 2025 1005 2064 Boio-bon,
1039 2035 1070 2067 p.
1098 2026 1148 2057 10.
1173 2044 1211 2049 —
1245 2025 1404 2058 Forsitan
1433 2023 1528 2068 quod
1554 2023 1752 2057 Borbonius

164 2079 206 2111 de
227 2086 262 2110 se
285 2077 470 2119 scripserat
491 2074 593 2116 (vill,
616 2075 699 2113 108).

647 2156 816 2191 Lingonicus
837 2156 884 2190 qui
907 2158 932 2182 10
953 2155 1051 2190 genuit
1071 2156 1180 2190 tibique

641 2199 738 2225 Junxit
758 2198 866 2224 ardenti
885 2197 983 2231 juveni
1006 2197 1151 2223 Rubi-llam

641 2239 724 2265 Vicus
729 2257 1115 2265 .........
1161 2258 1167 2264 .

223 2334 241 2357 θ
288 2332 404 2373 Νιιῃω,
442 2331 511 2369 vn,
543 2330 592 2361 45.
627 2347 667 2351 —
700 2326 739 2359 Id
766 2327 868 2359 etiam
891 2325 1084 2358 notandum
1115 2328 1166 2358 est
1189 2324 1391 2368 conjugium
1426 2328 1460 2358 et
1492 2335 1619 2359 uxores
1655 2325 1749 2369 apud

225 2357 252 2365 A:

164 2379 374 2413 Rorbonium
397 2386 578 2420 nunquam
604 2375 708 2407 fuisse
738 2374 771 2405 in
803 2372 905 2406 laude
939 2376 972 2405 et
998 2373 1117 2414 gratia.
1140 2373 1246 2406 Multa
1277 2374 1428 2416 reperIas
1460 2374 1495 2405 111
1516 2373 1622 2416 Nugis
1645 2373 1750 2405 latine

162 2429 220 2459 aut
238 2435 346 2468 graece
362 2425 605 2467 epigrammata
621 2423 657 2453 in
676 2422 843 2459 mulieres,
866 2421 902 2451 in
918 2429 1049 2457 uxores,
1065 2422 1108 2457 ἓις
1127 2422 1184 2458 τὰς
1204 2424 1368 2462 γυναῖκας,
1393 2422 1436 2458 ἔις
1454 2422 1570 2462 γάμον.
1587 2419 1752 2464 Equibus

163 2475 236 2506 11100
256 2473 324 2506 duo
343 2472 488 2505 reseram
507 2481 513 2502 :

463 2559 587 2586 Pessima
611 2566 655 2585 res
676 2558 814 2592 quamvis,
838 2556 935 2583 eadem
959 2560 1051 2583 lamen
1078 2558 1165 2588 utilis,
1190 2566 1259 2584 uxor
1285 2565 1291 2585 :

551 2599 613 2626 Mox
633 2608 683 2626 sua
704 2599 727 2625 si
747 2598 869 2624 moriens
885 2599 1003 2633 jusserit
1022 2607 1083 2625 esse
1105 2602 1160 2625 tun.

1458 2640 1491 2671 ll,
1515 2641 1557 2666 84.

464 2708 508 2734 Nil
530 2707 610 2733 video
629 2705 704 2740 quod
724 2708 759 2735 10,
782 2705 848 2730 dum
870 2705 969 2731 cmlebs
991 2705 1104 2737 vixeris,
1128 2709 1220 2740 angat,

552 2748 605 2774 Aut
626 2754 676 2773 cur
695 2749 722 2772 10
743 2746 805 2771 vitae
826 2745 934 2777 tzedeat,
958 2746 1037 2775 Aule,
1060 2749 1124 2772 tuse.

463 2790 496 2816 Α1
517 2789 539 2815 si
562 2788 616 2819 (Dii
636 2787 736 2819 nolint)
759 2789 910 2820 tempestas
931 2789 957 2812 10
978 2786 1082 2813 auferet
1108 2787 1154 2812 illa

550 2828 687 2863 Conjugii,
708 2828 835 2853 invenies
855 2828 947 2853 omnia
968 2828 1049 2862 plena
1071 2828 1165 2854 malis.

464 2871 563 2900 Prolis,
585 2871 636 2901 ais,
658 2877 741 2895 causa
762 2877 877 2894 uxorem
897 2868 959 2894 volo
981 2876 986 2895 :
1009 2869 1064 2895 sint
1084 2869 1134 2894 libi
1156 2870 1278 2902 nummi,

534 2912 593 2938 Filii
614 2912 708 2938 erunt.
730 2909 819 2936 Nemo
840 2910 957 2944 pignora
976 2919 1082 2944 pauper
1103 2912 1188 2936 amai.

225 3011 258 3041 3.
281 3009 396 3049 Nussce,
424 3007 482 3044 Ill,
508 3007 574 3038 148.
