1945 3256
547 173 601 204 DE
625 171 769 204 VARIlS
792 168 991 202 BORBONll
1017 167 1215 200 SCRIPTIS.
1638 170 1677 201 47

172 254 253 292 Nec
274 253 432 291 minore
454 251 590 290 studio
614 249 765 288 latinos
786 250 981 287 sectatur.
1004 246 1070 285 Sic
1085 244 1317 284 Catulliano
1333 256 1449 283 more
1463 256 1675 296 passerem

94 315 239 354 amicae
260 327 345 354 suae
367 314 488 353 deflet
513 326 519 351 :

401 424 557 456 Mortuus
581 422 616 454 in
638 430 742 464 parva
763 422 815 452 est
833 420 1000 451 inventus
1021 416 1150 461 pyxide
1171 427 1302 460 passer,

441 471 573 507 Passer,
600 477 696 501 amor
715 466 871 509 pulchrae
892 464 1128 508 deliciumque
1151 465 1262 498 Rosae.

402 519 517 559 Longe
539 515 638 548 aliter
657 514 757 556 periit
771 523 875 556 quam
897 522 1001 555 quem
1023 515 1080 544 tua
1102 512 1224 544 Lesbia
1240 511 1356 552 deflet,

443 563 575 602 Lesbia,
597 571 675 605 pars
697 561 832 599 animae„
856 559 959 592 docte
981 559 1124 598 Catulle,
1142 563 1222 592 tuae.

399 611 475 644 Non
496 610 588 642 hunc
603 608 746 647 esuries,
767 617 837 640 non
859 606 954 639 1111110
975 606 1052 639 sitis
1071 605 1166 638 arida
1186 607 1324 648 pressit,

443 656 582 689 Insidiae
598 654 715 694 nullae,
738 654 858 686 nullus
880 652 1022 686 acerbus
1044 652 1143 686 odor.

402 704 484 737 Cum
506 701 679 735 desiderio
699 701 878 744 nimioque
903 700 1039 733 arderet
1058 710 1176 733 amore

440 749 603 783 Absentis
625 749 788 785 dominae,
813 748 924 780 tabuit
947 750 978 780 et
993 748 1097 790 periit
1117 748 1139 780 ¹.

171 857 232 895 Ad
253 857 462 908 exemplar
482 855 643 905 Virgilii
660 853 754 905 joco
775 853 832 893 sic
864 865 926 893 cos
955 864 1032 892 non
1062 853 1163 893 cobis
1188 856 1355 905 poetam
1383 853 1565 892 furacem
1586 854 1678 892 illu-

93 919 240 965 dentis,
266 918 494 957 Borbonius
517 917 739 968 quemdam
767 917 1012 968 scriptorem
1045 933 1057 950 «
1092 928 1263 954 suorum
1284 916 1513 955 carminum
1536 917 1678 968 suppi-

92 981 265 1020 latorem
291 995 304 1016 »
331 981 389 1019 ita
409 979 615 1018 ludificat:

359 1093 545 1136 Composui
573 1101 696 1125 versus
716 1102 805 1136 quos
833 1102 926 1125 1111110
955 1092 1020 1125 sibi
1047 1090 1202 1125 vindicat
1230 1092 1314 1125 alter
1338 1103 1344 1125 :

358 1141 411 1174 Sic
433 1141 564 1184 profert
585 1144 730 1184 segetes,
755 1150 824 1173 non
849 1139 925 1179 sibi,
948 1140 1090 1183 pinguis
1111 1149 1200 1183 ager.

357 1188 412 1222 Sic
433 1188 566 1221 excelsa
592 1189 708 1228 struit,
729 1198 799 1221 non
822 1187 900 1226 sibi,
916 1190 1006 1220 tecta
1028 1187 1132 1220 faber.

357 1236 411 1269 Sic
435 1235 555 1269 nidum
579 1235 741 1272 volucris,
766 1245 836 1268 non
858 1234 936 1273 sibi,
958 1244 1065 1267 verna
1089 1235 1179 1267 facit.

357 1283 411 1316 Sic
431 1281 582 1316 medicas
604 1281 739 1320 herbas,
762 1292 831 1315 non
857 1281 937 1319 sibi,
955 1285 1043 1314 terra
1061 1282 1161 1324 parit.

359 1330 413 1363 Sic
434 1331 525 1364 mola
546 1329 712 1373 gyrando,
736 1340 807 1362 non
828 1329 904 1368 sibi,
921 1330 1008 1362 farra
1028 1330 1119 1362 terit.

356 1377 411 1410 Sic
431 1378 528 1410 navis
548 1377 673 1415 varias,
697 1387 767 1409 uon
787 1376 854 1409 sibi
874 1379 987 1409 vectat
1008 1386 1102 1419 opes.

358 1424 412 1457 Sic
432 1428 550 1467 pastor
571 1427 695 1462 servat,
716 1434 787 1456 non
803 1423 880 1463 sibi,
905 1426 1003 1456 nocte
1024 1433 1157 1466 greges.

358 1471 412 1504 Sic
434 1482 559 1505 numos
581 1471 745 1510 cumulat,
768 1480 838 1503 non
859 1470 938 1509 sibi,
957 1469 1053 1503 dives
1070 1480 1188 1512 egens.

360 1519 413 1551 Sic
430 1519 571 1561 juvenis
593 1517 748 1557 demens,
772 1529 843 1551 non
865 1518 941 1557 sibi,
964 1518 1052 1550 vivit
1071 1528 1204 1551 amans.

356 1566 410 1598 Sic
432 1566 505 1605 bos,
529 1567 578 1598 sic
599 1566 708 1603 fortis,
734 1576 804 1598 11011
827 1565 905 1604 sibi,
927 1564 1028 1597 sudat
1048 1575 1172 1608 equus.

358 1613 411 1645 Sic
431 1613 568 1645 diversa
593 1616 701 1656 parat,
724 1622 794 1645 non
815 1612 892 1649 sibi,
913 1610 988 1653 jura
1010 1622 1155 1654 coquus.

358 1660 412 1692 Sic
434 1659 579 1693 candela
595 1659 731 1698 ardens,
755 1669 824 1691 11011
846 1658 923 1695 sibi,
947 1658 1066 1691 lumen
1088 1658 1201 1692 habet.

359 1707 412 1739 Sic
435 1706 486 1739 lac
509 1706 689 1744 uberibus,
713 1716 782 1739 non
806 1705 883 1744 sibi,
916 1709 1023 1738 mater
1046 1705 1158 1738 babet.

358 1754 412 1786 Sic
433 1754 547 1786 lanam
570 1754 674 1791 mitis,
698 1763 768 1785 non
791 1752 869 1792 sibi,
891 1755 1006 1794 portat
1030 1753 1117 1790 ovis,

357 1801 412 1833 Sic
434 1800 502 1833 mel
524 1803 733 1837 nectareum,
754 1810 825 1833 11011
846 1799 923 1837 sibi,
947 1800 1049 1842 stipat
1065 1801 1150 1842 apis.

359 1848 413 1880 Sic
432 1848 557 1880 retinet
579 1847 744 1890 leporem,
769 1856 839 1879 11011
862 1845 939 1886 sibi,
964 1846 1067 1879 dente
1091 1848 1198 1880 canis.

358 1895 413 1927 Sic
434 1904 574 1937 gramen
595 1893 726 1933 lectum,
750 1903 820 1925 non
843 1893 918 1930 sibi,
943 1897 1036 1936 prata
1060 1894 1186 1927 ferunt.

358 1943 413 1974 Sic
436 1942 513 1974 lecti
536 1941 678 1984 pedites,
701 1951 770 1973 11011
793 1939 870 1978 sibi,
895 1940 985 1973 bella
1005 1944 1141 1982 gerunt.

357 1990 411 2022 Sic
430 1989 504 2021 auri
527 1988 655 2025 mulus,
678 1998 747 2021 non
762 1987 839 2025 sibi,
865 1990 978 2030 portat
1000 1998 1101 2020 onus.

359 2037 413 2069 Sic
434 2036 524 2069 horti
541 2035 689 2075 bonitas,
712 2045 782 2068 non
804 2034 882 2072 sibi,
904 2034 1034 2077 praebet
1058 2035 1171 2068 bolus.

359 2084 414 2117 Sic
436 2083 556 2116 scribit
576 2093 711 2123 versus,
734 2092 804 2115 non
825 2082 905 2122 sibi,
929 2086 1047 2115 nostra
1071 2084 1233 2116 manus2.

169 2186 296 2224 Nemo
319 2185 509 2224 dubitare
531 2187 669 2236 potest
690 2184 789 2236 quin
810 2184 852 2221 in
878 2184 948 2222 illo
970 2185 1152 2223 carmine
1174 2188 1298 2236 poeta
1319 2186 1443 2237 lepidi
1465 2191 1504 2227 et
1528 2189 1674 2239 exqui-

91 2248 160 2288 siti
186 2247 271 2299 joci
292 2248 462 2286 modum
484 2247 708 2295 excesserit
739 2247 959 2297 lusumque
980 2246 1258 2298 Virgilianum
1280 2248 1396 2286 inani
1418 2250 1675 2289 verbositate

157 2370 183 2400 1.
205 2368 320 2409 Νιιῃιε,
343 2368 366 2406 Ι,
389 2369 460 2400 233.
484 2387 522 2391 —
543 2368 581 2399 In
603 2366 670 2400 alio
692 2365 781 2399 libro
802 2365 977 2408 Nugarum
1002 2364 1092 2399 idem
1118 2367 1241 2401 Catulli
1272 2368 1472 2411 poemation
1507 2370 1676 2413 pressiuS,

92 2414 150 2449 sed
167 2415 331 2449 subtilius
352 2414 505 2447 imitatus
526 2417 589 2448 est.
612 2415 667 2447 Sic
688 2414 810 2456 incipit
833 2423 972 2446 carmen
997 2425 1003 2445 :

551 2521 682 2553 Gnmlew,
701 2531 717 2548 o
738 2521 858 2549 Veneres
876 2521 1092 2558 Cupidinesque,

551 2561 583 2590 Et
601 2567 736 2599 quantum
757 2566 798 2590 est
816 2563 963 2590 homiuum
983 2564 1143 2598 politiorum
1166 2573 1171 2592 :

548 2603 632 2631 Νίκης
654 2605 743 2631 victor
762 2605 839 2632 adest
859 2613 927 2631 mem
943 2605 1075 2637 Rubellm,

547 2643 631 2672 Nisus
650 2645 750 2672 delitim
764 2654 832 2672 meae
852 2646 986 2679 Rubeffln,

547 2686 636 2718 Quem
656 2687 718 2721 plus
738 2687 828 2722 diligit
846 2686 905 2714 haec
925 2687 983 2713 suis
1004 2688 1108 2718 ocellis,

547 2727 640 2759 Nisus,
662 2727 710 2763 qui
730 2728 803 2754 inter
821 2737 887 2754 aves
905 2729 1091 2755 venustioreis

546 2769 632 2796 Tanto
653 2769 828 2804 nobiliorque
849 2769 1049 2805 pulchriorque

546 2812 655 2843 Quanto
676 2814 771 2838 nostra
789 2811 857 2837 alias
879 2811 995 2838 Rubellu
1015 2812 1153 2846 nymphas

547 2851 576 2879 lii
598 2853 677 2879 1111111
698 2854 784 2879 anteit
805 2855 831 2879 et
851 2852 939 2888 nigris
956 2853 1050 2880 ocellis
1072 2861 1078 2881 2

547 2906 1094 2915 ............

152 2958 182 2988 2.
206 2956 319 2999 Nuyoe,
341 2957 394 2994 lv,
416 2960 466 2990 76.
