1945 3256
278 199 378 237 QUil)
403 199 457 230 DE
478 198 712 230 PUERORUM
737 197 1031 230 INSTITUTIONE
1057 197 1262 230 SENSERIT
1286 197 1537 229 ssoRBONIUS.
1659 198 1696 228 73

190 279 303 316 Nunc
325 278 541 315 videamus
563 277 664 327 quid
688 278 977 328 grammaticae
1000 287 1162 326 graecae,
1187 275 1285 326 quid
1311 275 1449 313 latina)
1471 287 1695 326 puerorum

110 340 364 391 pectusculis
387 339 673 376 instillandum
696 351 783 377 esse
805 342 970 377 censeat
986 338 1232 376 Borbonius.

188 401 246 440 De
269 400 537 451 qraimmcte'ctc
567 411 708 450 qroerrc.
747 423 796 427 —-—
829 400 886 438 Ab
923 400 1149 451 alphabeto
1179 410 1313 449 gracco
1342 399 1505 437 orditur
1540 402 1696 445 noster,

110 463 179 501 sed
211 463 261 500 ab
295 462 386 500 aliis
415 463 700 511 grammaticis
728 474 774 500 eo
810 466 971 500 tantum
1001 461 1219 499 dissentire
1248 460 1425 508 videtur,
1461 461 1572 511 quod
1610 472 1698 498 rem

110 524 284 562 forsitan
306 524 534 575 simplicius
555 536 601 562 ac
623 525 788 562 brevius
811 525 991 575 exponit.

190 586 242 624 Ut
271 590 430 624 veteres
458 590 660 629 auctores,
692 589 783 624 octo
806 588 998 624 numerat
1025 589 1164 635 partes
1196 584 1396 623 orationis
1419 597 1425 621 :
1451 584 1696 625 Articulum.v

110 649 282 694 Nomen,
317 649 512 693 Verbum,
542 648 830 698 Participium‚
865 649 1119 696 Pronomen,
1150 647 1512 698 Prchositionem,
1544 647 1700 684 Adver-

111 710 240 756 bium‚
276 709 616 759 Conjunctionem
650 708 930 759 (Adjectivum
960 709 1114 747 omittit
1145 712 1184 746 et
1218 707 1594 758 Interjectiimein)3
1628 707 1699 745 sed

111 772 420 817 animadvertit,
445 772 485 808 in
509 783 551 808 re
573 771 864 819 grammatica,
890 771 993 808 nihil
1016 782 1106 809 esse
1128 782 1291 820 magna).
1311 769 1570 807 difficultatis
1594 781 1699 820 pru}-

111 836 301 884 terquam
330 834 371 870 in
399 833 613 870 nominum
642 836 765 883 atque
793 834 1017 871 verborum
1042 833 1339 871 llectendorum
1370 832 1532 870 ratione
1556 844 1562 868 :
1588 832 1629 868 in
1651 831 1701 868 iis

112 895 272 934 duabus
294 895 494 933 orationis
525 895 714 944 partibus
743 895 1049 945 aliquantulum
1078 906 1164 933 esse
1195 893 1519 939 elaborandum;
1550 897 1702 932 crotera

110 957 299 1007 legendo,
323 956 556 1003 scribendo,
581 956 802 1001 audiendo,
827 956 1175 995 communicando
1197 956 1315 994 facile
1346 955 1536 1006 superari
1560 966 1697 1005 posse.

190 1019 487 1057 Inclinamenta
504 1019 719 1056 nominum
734 1030 817 1056 non
832 1019 952 1069 plura
966 1022 1144 1069 quatuor
1161 1017 1390 1064 constituit,
1408 1017 1504 1067 quia
1519 1016 1703 1054 inflexio-

110 1093 209 1119 num
230 1080 495 1119 multitudine
514 1080 632 1131 pueri
655 1081 901 1118 memoriam
921 1080 1172 1119 confundere
1193 1082 1374 1118 veretur.
1399 1080 1428 1116 Ε
1448 1079 1599 1129 quibus
1620 1078 1702 1117 tria

108 1144 246 1194 prima
267 1145 362 1181 sunt
387 1143 709 1193 parasyllabica,
741 1143 888 1181 ultima
917 1142 1219 1194 polysyllabica
1248 1154 1254 1178 :
1281 1141 1360 1179 hoc
1383 1144 1443 1179 est
1472 1140 1700 1179 crescentia

112 1205 284 1255 genitivi
307 1204 579 1242 declinantur.

189 1262 468 1315 Παραδείγματα
495 1275 565 1302 seu
594 1265 785 1314 exempla
815 1264 1155 1302 declinandorum
1188 1264 1403 1301 nominum
1430 1273 1638 1312 nusquam
1660 1261 1700 1298 in

117 1326 295 1363 Tabellis
309 1325 504 1376 protulit3
523 1337 674 1376 pueros
692 1338 788 1364 vero
806 1330 945 1364 monet
960 1329 1004 1364 ut
1020 1337 1066 1363 ea
1082 1325 1286 1375 exempla,
1306 1324 1701 1372 observationesque

115 1387 354 1437 hujusmodi
407 1400 499 1425 cum
545 1388 858 1438 exceptionibus
895 1399 941 1425 ac
981 1387 1223 1425 differentiis
1260 1397 1310 1425 ex
1343 1386 1560 1424 Theodoro
1595 1384 1701 1422 Gaza

116 1450 357 1499 caeterisque
375 1450 661 1499 grammaticis
679 1453 836 1500 petant.

192 1511 327 1548 Verba
343 1511 399 1549 sic
421 1512 586 1550 ordinat
611 1525 617 1549 :
644 1512 684 1549 1⁰
706 1510 912 1563 Βαρύτονον,
936 1511 1014 1549 hoc
1033 1514 1093 1549 est
1114 1511 1401 1559 gravisonum,
1423 1513 1467 1547 ut
1487 1508 1633 1561 γράφω
1652 1530 1702 1536 -

113 1573 153 1610 2⁰
174 1571 465 1624 ἸΙερισπωμένον,
490 1574 530 1611 id
554 1577 615 1611 est
636 1574 965 1620 circumflexum,
990 1577 1034 1611 ut
1055 1573 1171 1624 γελῶ;
1197 1574 1238 1611 3⁰
1260 1573 1300 1610 in
1325 1572 1376 1622 μί,
1395 1576 1440 1610 ut
1458 1571 1591 1622 τίθημι.

191 1635 325 1672 Verbo
349 1635 536 1673 accidere
557 1639 650 1674 octo
674 1639 879 1674 memorat
905 1649 911 1673 ;
938 1636 1095 1674 scilicet
1117 1635 1313 1685 speciem,
1339 1635 1533 1684 figuram,
1558 1644 1700 1671 nume-

112 1709 220 1744 rum,
262 1697 448 1744 modum,
491 1710 635 1747 genus,
671 1710 907 1748 personam,
945 1701 1123 1748 tempus,
1163 1697 1512 1747 conjugationem.
1556 1697 1611 1733 De
1651 1694 1700 1731 iis

113 1762 251 1796 autem
290 1758 533 1808 singulatim
574 1760 805 1810 quidquam
848 1760 1072 1811 przecipere
1112 1759 1261 1797 merito
1302 1759 1556 1809 supersedet.
1601 1757 1700 1802 Quae

112 1820 278 1870 quidem
307 1832 436 1871 usque
467 1821 604 1860 adhuc
629 1821 754 1871 justis
783 1822 1067 1860 voluminibus
1089 1822 1140 1859 ab
1163 1821 1392 1858 innumeris
1414 1818 1700 1870 grammaticis

111 1885 313 1920 tractacta
344 1882 469 1921 fuisse
498 1884 665 1930 fatetur,
696 1884 766 1921 sed
789 1896 839 1921 ex
867 1887 951 1921 tam
985 1883 1126 1921 multis
1148 1894 1281 1932 pauca
1309 1882 1533 1920 admodum
1564 1881 1702 1918 decer-

110 1944 245 1994 penda
265 1943 437 1994 judicat,
468 1958 559 1995 quie
586 1947 726 1997 pueris
756 1946 1014 1995 degustanda
1043 1956 1274 1995 proponere
1296 1945 1408 1982 velit.
1436 1945 1512 1982 Dat
1536 1947 1699 1982 tantum

113 2018 282 2056 operam
303 2010 348 2044 ut
370 2007 409 2044 id
443 2011 581 2046 ament
615 2012 738 2059 atque
772 2008 1091 2058 amplectantur,
1124 2007 1235 2057 quod
1263 2010 1411 2056 suapte
1440 2009 1590 2044 natura
1618 2017 1701 2043 non

112 2069 273 2118 possint
292 2080 373 2106 non
396 2070 545 2108 odisse.

192 2130 296 2167 Item
313 2131 362 2168 de
378 2132 573 2170 Articulo.
593 2133 898 2170 Animadvertit
922 2131 1154 2169 Borbonius
1184 2142 1416 2168 sermonem
1447 2142 1630 2179 graecum
1656 2140 1702 2166 eo

114 2193 370 2242 superiorem
410 2197 450 2231 ct
479 2194 712 2232 uberiorem
744 2195 887 2239 latino,
922 2194 1032 2244 quod
1067 2193 1264 2231 articulos
1299 2192 1467 2237 habeat,
1505 2196 1702 2241 tanquam

113 2265 392 2303 przecursores
426 2259 464 2293 et
499 2256 720 2294 antIstites.
765 2279 804 2283 —-
840 2257 884 2293 In
918 2256 1000 2293 duo
1034 2267 1186 2305 genera
1221 2255 1418 2291 articulos
1453 2254 1699 2291 distribuit:

114 2315 269 2353 scilicet
289 2317 575 2366 pmqm.s·m'z·0s‚
606 2322 651 2357 ut
676 2319 709 2366 ὀ,
731 2320 767 2365 ἡ,
793 2316 833 2355 τό
861 2322 899 2355 et
920 2317 1194 2366 §absumentes
1218 2319 1262 2353 ut
1280 2314 1332 2361 ὅς,
1354 2314 1393 2361 ἦ,
1424 2314 1462 2360 ὅ;
1489 2316 1559 2353 sed
1580 2314 1702 2365 profi-

112 2380 223 2415 tetur
244 2389 285 2415 se
307 2378 356 2415 iis
381 2380 594 2418 vocabulis
615 2384 779 2418 tantum
802 2380 876 2425 uti,
903 2379 1001 2429 quia
1021 2379 1102 2416 sint
1124 2379 1164 2416 in
1188 2390 1265 2415 usu
1288 2377 1474 2415 omnium
1497 2388 1705 2426 gramma-

115 2439 312 2485 ticorumg
332 2440 446 2478 addit
468 2445 669 2490 przeterea
693 2453 700 2479 :
730 2458 742 2476 α
764 2442 868 2486 Quid
891 2440 1148 2492 praepositivi
1164 2452 1186 2478 a
1203 2439 1479 2489 subjunctivis
1497 2438 1700 2482 differant,

117 2501 166 2538 de
187 2502 406 2552 multiplici
432 2515 507 2540 usu
523 2515 570 2541 ac
587 2504 746 2542 ratione
764 2507 1036 2553 utrorumque
1058 2503 1190 2540 multa
1206 2502 1392 2552 puerulis
1415 2501 1699 2539 inculcantur:

117 2575 223 2612 qua),
246 2575 338 2601 eum
367 2565 568 2603 molestiae
599 2578 645 2603 ac
668 2566 780 2604 taedii
815 2566 938 2616 plena
967 2566 1064 2611 sint,
1090 2563 1314 2602 videndum
1346 2567 1406 2602 est
1435 2563 1559 2601 etiam
1582 2565 1705 2613 atque

117 2625 257 2671 etiam,
280 2629 325 2664 ut
346 2637 394 2664 ea
414 2628 534 2677 quasi
557 2628 735 2665 ludendo
759 2627 957 2665 ediscant.
985 2641 999 2661 »

195 2687 381 2731 Quatuor
414 2690 714 2728 Pronominum
752 2701 903 2739 genera
940 2690 1160 2726 numerat:
1186 2687 1419 2732 Ρνίηιιίέϊιι,
1458 2686 1702 2733 Posses-sira,

117 2748 451 2797 Demonstrattira,
488 2752 688 2799 Relatiw,
724 2752 793 2790 sed
823 2752 988 2802 poetica
1016 2762 1105 2789 esse
1134 2750 1330 2788 admonet
1350 2750 1439 2788 haec
1461 2748 1534 2800 μὶν,
1556 2749 1620 2797 viv,
1642 2748 1702 2802 ψέ,

117 2813 242 2860 atque
264 2812 354 2850 ideo
377 2815 517 2863 pueris
539 2818 610 2852 aut
632 2826 713 2852 non
736 2825 990 2865 magnopere
1018 2812 1269 2859 necessaria,
1293 2815 1364 2850 aut
1384 2823 1507 2863 parce
1529 2815 1704 2863 tempes-

116 2872 283 2922 tiveque
308 2875 534 2914 admodum
558 2876 774 2914 tradenda.

196 2935 252 2972 De
274 2936 492 2988 multiplici
512 2938 872 2989 praepositionum²
896 2937 1192 2976 adverbiorum
1209 2940 1248 2975 et
1268 2935 1608 2986 conjunctionum
1626 2948 1703 2974 usu

119 2996 317 3046 modeste,
352 3002 395 3036 ut
416 2999 464 3037 de
486 3001 658 3047 eaeteris,
684 2999 823 3050 judice
854 3000 1078 3046 Borbonio‚
1112 2998 1222 3049 apud
1254 3009 1406 3050 pueros
1439 2998 1703 3038 tractandum
