1945 3256
559 177 614 207 DE
639 177 780 207 VARllS
804 176 1004 207 BORBONH
1030 176 1226 208 SCRIPTIS.
1654 185 1687 213 :51

107 253 262 292 factum
290 258 350 292 est
377 255 530 305 saepius
557 258 615 301 ut,
639 266 731 291 cum
759 254 838 291 duo
869 265 1029 298 versus,
1060 255 1123 292 vel
1151 258 1344 305 quatuor,
1375 257 1439 294 vel
1462 270 1534 295 sex
1557 262 1689 297 totam

106 315 352 354 sententiam
368 316 576 354 continere
592 328 672 354 non
686 319 868 366 possent,
886 327 1015 366 usque
1031 316 1083 353 ad
1098 317 1270 365 triginta
1285 318 1347 355 vel
1365 319 1489 356 etiam
1507 321 1690 370 quadra-

105 378 221 426 ginta
260 389 402 416 versus
441 378 700 428 epigramma
742 389 863 414 suum
901 378 1136 427 protulerit.
1180 379 1361 416 Plurima
1397 383 1535 418 tamen
1575 384 1685 432 apud

104 439 355 476 Borbonium
381 439 568 477 invenias
596 439 782 477 carmina
808 450 900 489 quae
931 439 982 476 ad
1015 440 1273 489 epigramma
1303 440 1407 478 nihil
1434 443 1641 492 pertinent
1677 456 1683 481 :

102 500 235 549 lyrica
266 501 422 539 scilicet
452 501 661 550 poematia
695 511 787 550 quae
822 500 916 538 odas
961 501 1158 551 appellat,
1198 502 1349 550 elegias
1390 504 1608 542 nonnullas
1647 509 1686 543 et

103 562 311 611 epistolas.
341 562 418 600 Sed
447 563 792 612 qualemcumque
822 562 1000 599 sormam
1019 562 1242 607 induerint,
1266 563 1324 600 ita
1351 564 1542 602 distribui
1563 577 1685 615 posse

103 623 297 661 videntur
319 636 324 660 :

182 718 222 753 1⁰
243 718 392 756 Versus
412 718 607 756 Borbonii
630 717 681 754 ad
703 718 858 755 amicos
880 720 951 755 aut
972 717 1233 764 Maecenates.

180 780 221 816 20
383 802 432 806 -—
621 779 669 817 de
688 790 729 817 se
751 780 855 830 ipso.

179 843 219 877 3⁰
382 863 432 867 —
621 841 672 878 ad
694 841 908 878 Rubellam
928 841 1120 878 amicam.

176 903 216 938 4⁰
236 903 339 939 Joci.

175 964 216 1001 5⁰
237 964 475 1015 Epitaphia.

174 1025 216 1063 6ῦ
236 1026 292 1063 De
314 1038 356 1064 re
378 1027 592 1064 litteraria.

175 1090 216 1123 7⁰
237 1088 508 1126 Imitationes.

172 1150 268 1196 Quae
291 1153 385 1188 sunt
406 1150 457 1187 ad
481 1161 688 1187 summum
710 1148 807 1187 MCC
829 1150 1054 1199 poematia.

397 1307 442 1337 Il.
468 1324 506 1328 —-
527 1305 683 1337 Carmina
707 1304 866 1337 Borbonii
887 1303 929 1336 ad
951 1305 1078 1336 amicos
1099 1308 1131 1336 ct
1151 1304 1361 1336 Maecenates.

170 1427 362 1465 Carmina
387 1428 584 1478 pleraque
613 1427 807 1465 Borbonii
830 1427 933 1464 nihil
963 1430 1058 1465 sunt
1081 1427 1192 1464 aliud
1223 1439 1348 1477 quam
1378 1427 1570 1464 litterulae
1601 1431 1669 1464 aut

90 1489 297 1527 schedulae
335 1489 486 1540 quibus
537 1492 714 1527 conatur
750 1500 898 1539 parare
944 1500 989 1527 ac
1029 1489 1135 1527 tueri
1180 1488 1401 1534 amicitias,
1447 1489 1676 1526 adsciscere

88 1554 303 1601 patronos,
339 1551 535 1601 consequi
562 1551 798 1600 pecuniam,
828 1551 1000 1596 victum,
1030 1551 1208 1599 asylum,
1234 1554 1382 1597 vestes,
1413 1550 1541 1588 libros
1570 1550 1673 1587 mul-

86 1616 209 1663 taque
231 1613 312 1650 alia
341 1624 434 1663 quae
456 1613 620 1661 longius
639 1615 747 1650 esset
771 1612 920 1650 dicere.

167 1674 255 1718 Quo
283 1675 324 1711 in
347 1686 496 1723 genere
525 1674 674 1712 latinos
702 1676 847 1724 poetas
875 1674 1110 1719 stimulatur,
1141 1673 1352 1724 exprimit,
1384 1673 1531 1719 reddit,
1561 1674 1672 1710 Mar-

85 1735 225 1773 tialem
242 1736 431 1786 inprimis
453 1747 476 1773 a
491 1747 573 1785 quo
594 1735 799 1784 originem
818 1736 967 1773 ducere
990 1736 1166 1773 videtur.
1187 1736 1309 1772 Putes
1326 1735 1450 1782 enim,
1465 1735 1498 1771 si
1514 1735 1613 1785 quid
1628 1735 1667 1772 in

85 1798 233 1836 studiis
254 1798 451 1846 cognatio
473 1798 599 1844 valet,
623 1800 662 1835 et
684 1796 807 1847 hujus
828 1798 1126 1848 propinquum.
1151 1797 1274 1834 Ludit
1296 1800 1340 1834 ut
1363 1797 1433 1846 qui
1456 1796 1667 1842 facillime,

84 1863 292 1901 mendicat
330 1866 375 1900 ut
414 1863 484 1913 qui
511 1863 794 1908 tenacissime,
825 1863 936 1900 dolet
962 1866 1006 1900 ut
1042 1863 1112 1912 qui
1139 1861 1514 1912 impatientissime.
1550 1862 1669 1899 Viros

84 1925 189 1962 sexti
223 1924 372 1962 decimi
408 1924 565 1971 saeculi,
603 1924 673 1974 qui
707 1926 781 1961 aut
816 1924 972 1962 divitiis
1007 1927 1077 1961 aut
1110 1925 1225 1973 regio
1262 1924 1405 1961 favore
1444 1924 1669 1973 plurimum

86 1986 267 2032 valuere,
290 1997 420 2036 prope
441 1997 583 2024 omnes
606 1988 827 2024 veneratus
849 1989 910 2023 est
931 1998 978 2023 ac
999 1987 1174 2023 miratus
1199 1999 1204 2022 :
1230 1997 1316 2023 rem
1339 1985 1505 2035 quidem
1529 1985 1673 2023 credas

85 2048 309 2093 difficilem,
334 2048 507 2085 arduam
530 2060 577 2086 ac
599 2048 875 2094 fastidiosam,
905 2060 1030 2098 quam
1050 2060 1148 2087 vero
1173 2047 1375 2096 singulari
1399 2047 1603 2085 industria
1624 2059 1670 2085 ac

81 2111 185 2147 mira
205 2109 463 2160 impudentia
484 2110 679 2159 expediit.
712 2110 879 2147 Homini
901 2110 1083 2157 cuilibet,
1108 2110 1334 2147 dummodo
1368 2111 1576 2159 potentem
1598 2112 1669 2146 aut

80 2172 327 2222 locupletem
349 2171 524 2221 judicet,
548 2172 724 2210 virtutes
746 2185 793 2211 ac
814 2173 963 2210 merita
984 2172 1210 2221 excogitat,
1230 2171 1491 2209 nobilitatem
1514 2171 1670 2209 scilicet

79 2236 119 2271 et
137 2233 478 2280 munificentiam,
513 2237 553 2272 et
574 2234 787 2284 pietatem,
813 2238 852 2273 et
873 2234 1078 2280 decorem,
1104 2238 1142 2272 et
1168 2234 1464 2283 eloquentiam,
1492 2235 1531 2270 et
1558 2233 1669 2282 inge-

79 2295 207 2332 nium.
242 2295 319 2333 Sed
350 2307 425 2346 pro
453 2295 653 2346 cujusque
681 2297 916 2335 conditione
944 2297 1152 2345 gradatim
1184 2297 1326 2334 laudes
1354 2307 1452 2333 suas
1484 2295 1666 2333 ordinat.

80 2356 120 2394 Si
142 2368 166 2393 a
197 2357 416 2396 Maecenate
439 2369 513 2395 suo
546 2370 680 2408 pauca
713 2361 867 2409 sperat,
891 2357 1002 2396 hunc
1023 2362 1187 2396 tantum
1218 2361 1431 2408 nuncupat
1456 2356 1668 2394 hominem

78 2418 322 2465 beneficum,
353 2419 654 2466 doctissimum,
685 2420 979 2463 clarissimum3
1012 2420 1073 2457 sin
1105 2423 1242 2457 autem
1272 2420 1407 2469 plura,
1434 2420 1544 2457 hunc
1571 2419 1669 2456 facit

77 2480 319 2528 semideum,
341 2492 391 2518 ex
412 2481 613 2519 Hectoreo
632 2482 834 2531 sanguine
855 2485 1027 2529 cretum,
1048 2482 1112 2520 sui
1129 2481 1271 2519 saeculi
1287 2481 1666 2531 splendidissimam

77 2542 225 2589 lucem,
249 2542 407 2579 Summi
430 2543 611 2581 Artificis
633 2555 738 2594 opus
759 2543 895 2581 nobile
940 2555 946 2580 :

384 2634 511 2666 Tantus
542 2643 578 2667 es
601 2638 638 2666 ut
660 2644 813 2677 nequeas
843 2634 952 2676 major
971 2634 1025 2666 vel
1048 2634 1170 2666 clarior
1197 2644 1284 2671 esse,

385 2681 423 2712 Ni
445 2681 593 2722 teipsum
615 2691 757 2723 superes
781 2685 814 2713 et
834 2681 924 2714 Deus
946 2691 1022 2713 esse
1044 2680 1131 2712 velis
1152 2681 1174 2711 ¹.

154 2778 258 2823 Quid
294 2779 403 2817 illius
443 2780 566 2819 refert
605 2784 745 2818 utrum
783 2792 867 2819 suae
907 2781 1049 2818 laudes
1085 2792 1179 2818 cum
1220 2781 1392 2818 veritate
1431 2783 1662 2829 congruant

74 2839 226 2878 necne‘?
255 2842 405 2879 Parum
434 2846 552 2880 curat
579 2843 748 2881 Petrum
768 2843 967 2889 Lisetum,
998 2843 1223 2892 praesidem
1246 2842 1370 2880 curiae
1398 2841 1659 2892 primarium,

137 2945 164 2974 l.
185 2943 302 2984 Nuyce,
329 2944 400 2981 VII,
418 2946 447 2976 9.
