1945 3256
239 242 276 273 80
797 239 851 270 DE
879 239 977 271 vlTA
998 240 1049 272 ET
1070 239 1268 272 SCRIPTIS.

317 317 383 356 Ex
415 317 625 368 opusculis
658 317 852 355 Borbonii
889 330 981 368 quie
1016 319 1066 356 ad
1100 330 1322 369 puerorum
1359 319 1662 358 institutionem
1698 321 1823 371 perti-

238 384 348 427 nent,
373 380 473 417 illud
497 379 598 416 mihi
622 379 802 429 primum
828 380 961 418 locum
984 381 1169 418 obtinere
1192 381 1371 427 videtur,
1395 381 1505 431 quod
1535 386 1820 433 nuncupatum

238 442 515 492 Pcedaqoqz'um
538 453 608 479 seu
625 452 782 479 carmen
798 442 844 480 tle
864 442 1059 481 Moribus.
1080 446 1167 487 Quo
1190 443 1229 480 in
1254 443 1487 491 scribendo,
1507 447 1652 483 auctor
1670 445 1711 482 id
1728 445 1821 491 sibi,

236 516 327 543 meo
344 504 517 555 judicio,
541 503 774 554 proposuit,
801 507 844 542 ut
872 504 1057 542 libellum
1085 505 1307 556 quemdam
1331 505 1469 543 ederet
1497 506 1604 544 lectu
1634 507 1822 558 scituque

233 566 411 611 facilem,
429 577 551 616 quem
569 566 608 602 in
627 565 772 603 schola
793 578 868 603 sua
880 570 1112 617 preeeeptor
1130 568 1306 618 quisque
1321 568 1537 618 discipulis
1558 569 1818 619 praelegeret.

233 630 290 666 Ea
323 632 473 675 mente,
504 628 545 665 in
576 639 623 666 eo
654 631 846 678 poemate
874 629 1010 678 coegit
1045 641 1127 666 non
1158 630 1293 667 solum
1328 629 1677 681 philosophorum
1712 631 1818 669 scita

232 703 357 742 quam
397 691 579 742 plurima
616 693 739 741 atque
779 691 911 728 multa
948 691 1224 730 saluberrima
1257 692 1490 731 christiana
1524 695 1734 744 praecepta
1768 705 1819 732 ex

230 754 358 792 sacris
380 753 545 804 paginis
567 753 830 803 deprompta,
855 753 925 791 sed
953 754 1076 791 etiam
1106 758 1320 793 oratorum
1343 758 1646 805 poetarumque
1670 755 1755 793 vim
1777 758 1817 794 et

230 816 484 854 facundiam.
509 816 591 854 Nec
618 827 683 853 res
710 818 854 853 contra
873 827 987 865 spem
1013 816 1182 862 accidit,
1204 828 1383 867 namque
1405 816 1667 863 Caurresius;
1698 816 1816 855 illus-

230 879 305 916 tris
347 877 712 928 gymnasiarchus,
766 880 810 915 ut
853 876 937 928 jam
977 890 1104 929 supra
1145 879 1488 925 memoravimus,
1536 878 1818 930 Pte-dogmatum

229 944 355 980 tantae
390 940 584 978 utilitatis
622 940 774 977 librum
809 938 1042 990 judicabat,
1083 944 1128 979 ut
1162 940 1263 978 illud
1296 941 1467 979 scholiis
1508 944 1548 980 et
1589 940 1818 980 enarratio-

228 1004 349 1041 nibus
371 1003 580 1041 illustrare
601 1002 822 1040 studuerit.

226 1139 280 1172 XI.
304 1133 346 1162 —‘
363 1139 436 1177 Quo
460 1147 585 1181 genere
607 1137 842 1181 praelectionis
860 1135 951 1180 apud
975 1137 1167 1179 discipulos
1189 1137 1276 1171 sexti
1292 1136 1418 1170 decimi
1442 1137 1558 1171 chllli
1581 1141 1814 1181 praeceptores

904 1188 1099 1217 uterentur.

302 1308 332 1346 E
355 1306 563 1347 Caurresii
587 1306 897 1345 commentariis
918 1306 1152 1357 perspicere
1167 1306 1355 1357 licetque
1372 1317 1520 1355 genere
1536 1306 1814 1357 praelectionis

223 1371 413 1420 magistri
429 1370 535 1408 sexti
557 1369 705 1408 decimi
722 1369 860 1407 saeculi
878 1369 918 1406 in
935 1368 1091 1407 scholis
1107 1371 1335 1407 uterentur.
1355 1368 1453 1413 Quis
1476 1369 1528 1406 sit
1549 1372 1709 1416 auctor,
1727 1380 1809 1419 quo

221 1445 370 1483 genere
398 1432 628 1483 scripserit,
661 1443 752 1482 quse
785 1430 909 1480 hujus
936 1431 1100 1480 generis
1128 1430 1310 1481 propriae
1346 1431 1429 1469 sint
1454 1431 1624 1478 virtute,
1655 1431 1811 1469 medio-

220 1495 343 1533 criter
375 1498 494 1532 curat
527 1494 761 1544 prtelector,
792 1504 865 1530 nec
900 1493 1181 1530 necessarium
1214 1494 1334 1543 putat
1369 1491 1597 1537 historicis,
1634 1504 1809 1542 geogra-

217 1557 353 1608 phicis
375 1560 446 1595 aut
467 1555 772 1607 philosophicis
789 1555 1142 1593 commentariolis
1159 1567 1203 1592 su
1213 1567 1279 1592 um
1296 1557 1456 1593 textum
1478 1554 1699 1593 illustrare.
1718 1554 1808 1593 Non

215 1631 258 1657 se
279 1622 365 1658 tam
386 1630 526 1657 rerum
548 1621 823 1656 scrutatorem
846 1616 1064 1667 profitetur
1085 1629 1210 1667 quam
1239 1616 1477 1659 verborum,
1501 1627 1584 1654 non
1605 1620 1691 1656 tam
1714 1616 1807 1667 phi-

215 1681 438 1732 Iosophum
462 1693 588 1731 quani
611 1680 949 1729 grammaticum.
968 1679 1160 1717 Auctoris
1181 1678 1362 1717 disticha
1385 1679 1571 1717 vicissim
1593 1679 1802 1729 producit,

214 1743 380 1792 singula
395 1742 523 1780 verba
539 1741 799 1780 excutiendo.
819 1753 947 1791 eaque
969 1741 1199 1791 przesertim
1215 1740 1461 1791 inquirendo
1479 1752 1570 1790 quae
1594 1740 1645 1778 ad
1667 1752 1803 1790 gram-

212 1805 410 1843 maticam
443 1804 633 1842 attinent.
667 1804 706 1841 Si
741 1803 851 1853 quod
881 1803 1052 1841 verbum
1089 1803 1312 1840 obscurum
1344 1805 1415 1840 aut
1449 1803 1622 1840 dubium
1657 1802 1802 1841 obver-

212 1870 338 1914 setur,
362 1867 395 1905 si
418 1878 500 1917 qua
527 1866 797 1916 etymologia,
821 1865 854 1903 si
877 1877 959 1916 qna
980 1865 1129 1915 figura,
1153 1865 1186 1902 si
1209 1876 1292 1915 qua
1314 1864 1518 1902 derivatio
1541 1867 1612 1902 aut
1634 1875 1799 1914 compo-

210 1929 321 1975 sitio,
346 1929 566 1977 diligenter
593 1928 844 1978 discipulum
873 1927 1068 1965 admonet
1099 1927 1356 1965 Caurresius.
1383 1927 1495 1964 Tunc
1526 1927 1618 1964 loca
1648 1926 1801 1964 similia

209 2003 260 2029 ex
281 1991 522 2029 auctoribus
543 1990 719 2035 confert,
746 1990 778 2027 si
807 1989 907 2040 quid
930 1989 1156 2034 diversum,
1183 1989 1215 2027 si
1239 1989 1337 2039 quid
1359 1988 1495 2035 affine,
1520 1988 1554 2026 si
1581 1988 1680 2038 quid
1704 1987 1798 2024 imi-

208 2057 357 2100 tatum,
395 2053 428 2090 si
466 2053 565 2103 quid
605 2052 799 2096 allusum,
842 2052 875 2090 si
916 2052 1015 2101 quid
1049 2051 1214 2089 aliunde
1248 2051 1497 2088 translatum
1540 2053 1613 2088 aut
1652 2053 1798 2088 mutuo

208 2118 421 2166 sumptum
443 2126 493 2153 ne
521 2114 560 2151 id
582 2114 749 2164 quidem
773 2117 893 2152 tacet.
920 2114 1013 2161 Sed,
1037 2113 1215 2163 exempli
1240 2124 1379 2159 causa,
1405 2112 1549 2162 quidni
1574 2111 1643 2150 hic
1664 2115 1798 2150 trans-

206 2178 335 2215 feram
358 2177 472 2227 ipsas
493 2176 780 2214 enarrationes
802 2187 905 2226 quas
927 2175 1171 2214 Caurresius
1193 2175 1245 2213 ad
1269 2174 1452 2225 primum
1478 2174 1578 2211 illud
1599 2173 1795 2212 Borbonii

206 2238 415 2278 distichon
438 2238 803 2277 accommodavit?

418 2338 550 2379 Gestio
576 2337 788 2389 praemitis
807 2337 987 2389 formare
1000 2336 1228 2376 salubribus
1249 2347 1397 2386 cinnes,

415 2397 624 2448 Prwcilme
640 2408 787 2448 moeros
806 2410 816 2435 .·
836 2396 993 2436 Christe
1014 2396 1205 2448 bendanus
1225 2395 1332 2435 ades.

200 2519 237 2549 ut
258 2518 404 2548 ventura
438 2523 549 2557 spero,
584 2517 712 2557 quotus
739 2514 888 2556 quisque
917 2512 973 2546 vel
1001 2512 1241 2545 studiosorum
1271 2511 1450 2543 hominum
1486 2520 1555 2542 non
1578 2509 1783 2545 mirabitur:

200 2564 269 2597 imo
294 2563 371 2606 quis
394 2562 590 2595 crediturus
613 2565 666 2593 ost
685 2571 702 2593 a
725 2561 874 2600 foemina,
901 2571 917 2593 a
942 2560 1069 2603 puella,
1093 2571 1110 2593 a
1133 2560 1267 2601 virgine
1292 2558 1551 2597 delicatissima,
1576 2557 1655 2590 talia
1676 2556 1784 2600 profi·

199 2611 281 2643 cisci
305 2613 471 2652 posse?...
500 2610 608 2640 Macte
636 2608 753 2645 animi,
784 2618 855 2639 mea
883 2607 1042 2645 Rubella,
1075 2618 1148 2639 mea
1177 2606 1399 2645 columbella,
1429 2608 1538 2638 macte
1565 2605 1629 2637 ista
1656 2604 1784 2636 virtute

199 2661 285 2690 esto.
312 2656 417 2689 Credo
436 2657 530 2693 milii,
557 2656 658 2687 crede
676 2665 713 2686 ac
735 2664 831 2696 spera
851 2654 945 2687 brevi
960 2656 1040 2690 sore,
1058 2659 1096 2687 ut
1110 2665 1178 2687 nna
1192 2654 1315 2691 simus,
1338 2657 1375 2685 ut
1393 2663 1459 2685 una
1482 2652 1781 2695 philosophemur,

199 2716 267 2736 non
292 2705 365 2736 sine
390 2705 482 2742 erravi
507 2709 571 2735 τῶν
594 2704 806 2744 συκοφάντων
829 2700 947 2734 dolore
978 2702 1185 2744 fremituque
1208 2701 1489 2743 importunorum
1518 2697 1779 2730 nebulonum...

196 2753 244 2783 Tu
268 2762 320 2783 nm
343 2749 455 2792 lepida
478 2760 512 2782 es
535 2750 705 2791 nugatrix,
729 2759 805 2791 qua=
827 2749 913 2781 dicis
936 2758 988 2780 me
1011 2759 1048 2779 ea
1070 2749 1175 2786 gratia
1202 2748 1352 2779 manicas
1374 2747 1435 2778 tibi
1464 2746 1599 2777 misisse
1619 2745 1724 2783 dono,
1746 2749 1784 2776 nt

196 2798 333 2831 tenellae
349 2798 421 2830 isioe
444 2807 568 2830 manus
590 2796 630 2829 ab
653 2796 778 2837 injuria
802 2796 937 2837 frigoris
954 2799 1102 2833 assei-tau,
1120 2795 1311 2827 crebriores
1326 2794 1466 2834 posthac
1483 2796 1586 2836 atque
1607 2793 1783 2831 longiores

195 2845 358 2888 epistolas
379 2844 420 2877 ad
444 2855 497 2877 me
519 2843 722 2877 scriberent.
743 2843 836 2879 Vale,
862 2853 972 2875 meum
996 2844 1074 2881 mel,
1099 2852 1212 2875 meum
1236 2851 1424 2878 saccarum‚
1450 2840 1526 2872 vale
1542 2840 1620 2883 plus
1643 2839 1780 2877 millies,

195 2892 341 2924 Rubella
372 2891 574 2924 bellissima.
599 2893 638 2923 Et
657 2890 749 2934 quod
774 2890 875 2928 soles,
905 2900 1009 2932 perge
1039 2891 1086 2922 sic
1110 2893 1143 2922 te
1171 2889 1334 2932 praeclare
1357 2888 1481 2921 babere
1506 2889 1541 2920 in
1568 2886 1695 2919 familia
1717 2888 1780 2919 ista

195 2940 451 2978 honestissima,
480 2943 518 2972 nt
538 2943 671 2972 cwterw
693 2937 817 2980 puellae
838 2938 989 2980 {equales
1013 2941 1089 2975 tuae,
1112 2937 1157 2969 ad
1178 2935 1384 2979 virginalem
1408 2934 1655 2968 verecundiam
1676 2937 1780 2977 atque

194 2987 398 3019 modestiam
433 2997 511 3019 cum
541 2985 742 3020 liberalibus
769 2984 964 3027 disciplinis
991 2984 1284 3027 conjungendam,
1327 2993 1397 3015 non
1431 2983 1629 3016 excitentur
1665 2981 1777 3014 solum

193 3034 354 3076 exemplo
375 3037 446 3072 tuo,
467 3033 527 3068 sed
547 3035 649 3067 etiam
674 3033 945 3066 inflammentur.
969 3045 983 3060 »ι
