1945 3256
239 189 278 219 745
372 211 377 216 .
798 190 852 221 DE
877 190 973 222 vrrA
994 190 1045 222 ET
1067 190 1267 223 SCRlPTlS.

239 266 329 304 erit.
356 268 483 311 Quem
506 266 620 317 pueri
646 266 837 313 studiosi‚
862 267 1014 317 partim
1041 268 1228 317 legendo,
1254 270 1404 319 partim
1435 272 1662 321 magistros
1682 275 1827 325 prfele-

239 330 381 375 gentes
404 327 626 373 audiendo,
649 332 854 367 venentur
875 340 1038 367 necesse
1060 333 1134 368 est.

316 396 377 433 Ita
393 398 604 436 concludit
625 400 766 435 noster
791 408 797 433 1
825 412 843 432 «
877 396 952 441 Qui
985 397 1024 434 in
1054 409 1196 436 curam
1225 410 1343 437 suam
1378 405 1623 452 receperunt
1656 415 1824 454 pueros,

237 458 466 508 prfelegant
488 460 708 497 authorem
737 459 916 508 aliquem
942 460 1149 498 intellectu
1174 460 1337 499 facilem
1363 474 1369 498 :
1391 465 1529 514 atque,
1561 464 1668 503 inter
1690 465 1826 515 legen-

239 518 353 565 dum,
386 531 435 558 ne
464 522 682 559 minimam
716 521 884 571 quidem
918 525 1168 572 praetereant
1209 523 1449 571 dictionem,
1491 537 1617 576 quam
1658 539 1740 565 non
1775 527 1826 565 ad

238 592 422 630 unguem
451 583 671 633 diligenter
699 583 913 621 excutiant
945 594 953 621 ε
985 584 1055 622 sed
1092 584 1148 622 ita
1181 588 1335 632 tamen,
1367 589 1411 624 ut
1444 588 1582 638 quoad
1616 587 1705 639 ejus
1734 588 1824 627 fieri

237 644 405 693 poterit,
430 645 545 683 nulla
565 645 725 684 tenellis
747 645 941 689 animulis
963 647 1156 684 molestia
1177 647 1439 686 exhibeatur.
1470 666 1482 682 »

315 712 372 749 De
410 717 712 764 przeceptorum
756 724 926 751 munere
958 725 1040 752 non
1077 715 1196 752 aliter
1236 716 1417 754 sentiunt
1454 718 1654 768 temporis
1688 719 1819 757 nostri

236 773 497 824 predagogici
521 776 759 827 scriptores.

314 841 372 881 De
400 843 666 892 {ermnalica
684 843 824 882 [risina.
848 865 900 872 —
920 845 963 881 In
985 845 1209 896 prsecipuis
1225 848 1508 895 grammatieze
1532 848 1669 887 latium
1694 848 1820 887 linea-

235 905 385 943 mentis
417 906 734 952 constituendis,
772 906 1010 957 implicatus
1043 910 1082 945 et
1110 908 1294 946 irretitus
1328 909 1534 947 interdum
1564 910 1693 949 bmret
1724 912 1821 949 Bor-

234 965 396 1005 bonius.
422 967 542 1006 Vitiis
574 969 961 1018 grammaticalibus
983 969 1134 1019 quibus
1163 973 1262 1008 :etas
1291 983 1365 1008 sua
1394 972 1558 1010 laborat
1580 984 1661 1010 non
1685 974 1819 1012 solum

233 1028 341 1066 male
363 1029 483 1068 inniti
505 1030 684 1077 videtur,
708 1031 779 1069 sed
803 1031 955 1082 saepius
980 1032 1210 1082 indulgere.

310 1097 438 1149 Nemo
465 1099 574 1136 enim
597 1098 763 1137 diffiteri
793 1103 930 1149 potest
953 1100 1052 1150 quin
1083 1100 1230 1138 litteris
1262 1101 1402 1139 latinis
1431 1102 1587 1140 (liutius
1609 1103 1820 1142 institerit.

230 1157 341 1195 Nihil
368 1171 509 1197 moror
532 1161 665 1198 locum
700 1160 951 1200 Tabellarnm
976 1174 1058 1212 quo
1090 1174 1296 1212 exponere
1325 1166 1501 1202 conatur
1525 1179 1540 1199 «
1566 1165 1704 1204 littera
1725 1165 1822 1216 quid

230 1220 283 1258 sit
305 1222 399 1259 etei
422 1234 512 1272 quae
544 1223 748 1261 accidant.
782 1240 792 1257 u
824 1224 1047 1262 Lubrieum
1080 1237 1178 1262 sane
1205 1225 1399 1275 intelligit
1428 1227 1468 1263 in
1497 1238 1578 1276 quo
1612 1231 1817 1274 versatur,

228 1293 322 1320 cum
353 1284 486 1322 obiter
516 1284 688 1323 scribit:
721 1299 739 1319 «
767 1284 806 1322 Si
838 1286 986 1323 vellem
1021 1290 1082 1324 tot
1117 1287 1335 1336 opiniones
1369 1299 1597 1337 recensere,
1636 1289 1726 1327 dies
1752 1301 1817 1328 me

226 1343 608 1392 clessceret3at11anc
624 1358 787 1384 crucem
801 1346 1120 1394 ferenda1n,hoc
1131 1360 1279 1386 saxum
1292 1349 1545 1387 volvendum
1559 1351 1816 1401 scrupulosis

225 1405 527 1446 litteratoribus
550 1408 695 1446 lubens
716 1410 920 1459 relinquo.
953 1426 964 1442 υ
991 1410 1068 1447 Sed
1092 1422 1173 1460 quo
1196 1410 1240 1448 fit
1259 1414 1307 1455 ut
1325 1422 1474 1448 saxum
1497 1412 1645 1450 iterum
1667 1412 1814 1451 lubens

225 1469 405 1515 evolvat,
431 1481 522 1507 cum
545 1482 698 1521 pueros
723 1471 843 1509 docet
868 1486 881 1506 «
910 1472 1072 1521 syllaba
1094 1473 1193 1522 quid
1221 1473 1273 1511 sit
1306 1476 1345 1510 et
1374 1474 1410 1510 ei
1433 1485 1524 1523 quie
1553 1474 1744 1513 accidant
1779 1491 1811 1523 n,

224 1533 344 1568 tenor
377 1532 547 1578 scilicet,
573 1533 758 1582 spiritus,
784 1537 963 1585 tempus,
994 1545 1192 1572 numerus
1227 1534 1490 1573 litterarum?
1512 1558 1562 1562 —
1584 1536 1686 1574 Item
1712 1548 1812 1574 non-

223 1593 334 1631 nulla
356 1594 547 1645 przecipit
569 1595 618 1632 de
640 1595 872 1643 vocalibus,
896 1618 945 1623 —
968 1596 1017 1634 de
1040 1596 1285 1647 diphtongis
1307 1597 1464 1643 latinis,
1488 1619 1538 1624 —
1559 1598 1609 1635 de
1630 1609 1812 1649 pronun-

220 1654 393 1693 tiatione
415 1656 665 1703 litterarum,
690 1669 815 1708 quam
837 1661 1001 1696 constat
1024 1659 1133 1709 apud
1160 1659 1354 1709 antiquos
1375 1660 1498 1709 longe
1520 1660 1643 1697 aliam
1667 1659 1809 1701 fuisse,

219 1729 344 1767 quam
368 1730 458 1769 quze
481 1718 605 1757 hodie
628 1720 668 1756 in
691 1732 767 1757 usu
791 1723 865 1764 est,
890 1743 938 1748 -
964 1721 1012 1758 de
1034 1721 1174 1759 latinis
1203 1722 1544 1769 consonantibus,
1569 1743 1618 1750 —-
1643 1722 1693 1760 de
1714 1733 1809 1760 con-

217 1779 457 1817 sonantium
480 1781 697 1820 divisione.

297 1847 447 1886 Veram
475 1849 643 1887 tandem
673 1861 719 1888 ac
752 1852 966 1902 propriam
1000 1852 1246 1901 agereditur
1279 1853 1596 1902 grammaticam
1624 1863 1715 1903 quce
1752 1853 1809 1891 ita

218 1909 420 1948 dividitur
443 1924 449 1949 :

296 1979 336 2015 1⁰
359 1978 652 2031 Ortlzogfl‘astlee‘a
675 1994 767 2032 quse
789 1987 944 2021 rectam
967 1983 1175 2021 scribendi
1197 1984 1401 2022 rationem
1419 1982 1567 2030 tradit3

295 2046 335 2083 2⁰
356 2046 567 2089 Prosodm.
601 2049 680 2087 hoe
705 2054 766 2088 est
787 2051 892 2089 ratio
916 2052 1215 2101 pronuntiandi
1239 2052 1278 2089 id
1301 2051 1411 2102 quod
1435 2051 1607 2100 syllabse
1631 2051 1805 2098 accidit3

214 2119 309 2145 nam
333 2120 383 2146 ex
404 2110 574 2159 syllabis
598 2111 690 2149 alim
721 2113 882 2159 breves,
908 2114 999 2152 aliae
1023 2114 1172 2163 longte,
1204 2114 1292 2152 alia}
1325 2117 1471 2159 acutae,
1513 2113 1604 2151 alife
1641 2125 1805 2163 graves,

211 2170 302 2208 alife
324 2172 577 2211 cirumssexze
602 2174 849 2224 (sequuntur
866 2187 1002 2225 pauca
1023 2175 1072 2213 de
1094 2175 1377 2227 accentibus);

291 2238 334 2275 3Ο
355 2238 607 2291 Etymologlm
631 2253 721 2291 quse
742 2243 1042 2293 proprietatem
1066 2243 1194 2282 tradit
1216 2243 1465 2289 dictionum3

289 2306 330 2342 4⁰
350 2305 544 2356 Sgsntamzs
565 2321 657 2358 qua)
686 2321 836 2348 vocum
870 2315 932 2349 est
960 2312 1172 2349 ordinatio
1204 2314 1274 2349 se‘u
1302 2311 1499 2349 dictionis
1535 2310 1803 2349 contexenda}

210 2367 331 2405 ratio.
356 2391 406 2395 —
429 2370 472 2406 In
496 2369 574 2408 hac
602 2373 898 2420 grammatices
926 2376 1044 2424 parte
1075 2385 1156 2411 non
1189 2374 1397 2411 immerito
1427 2373 1662 2411 Borbonius
1690 2383 1802 2410 com-

209 2429 378 2469 mendat
399 2443 552 2481 pueros
575 2432 761 2472 diuscule
783 2435 970 2481 detineri,
990 2436 1111 2473 simul
1133 2447 1180 2473 ac
1196 2436 1410 2473 nominum
1433 2439 1556 2486 atque
1572 2434 1795 2472 verborum

208 2490 449 2530 inflexiones
471 2497 801 2546 creterarumque
823 2498 1023 2535 orationis
1038 2498 1221 2547 partium
1237 2498 1514 2548 proprietates
1536 2496 1793 2535 edidicerint.

206 2553 268 2590 Ita
289 2554 371 2599 fiet,
398 2557 442 2592 ut
469 2567 618 2594 vocum
647 2561 899 2597 structuram
928 2571 1179 2609 cognoscere
1208 2560 1422 2610 incipiant,
1447 2559 1681 2609 sensimque
1708 2570 1795 2596 sese

207 2616 408 2654 orationis
431 2620 630 2668 tanquam
650 2619 902 2659 architectos
925 2622 1129 2672 quosdam
1150 2622 1336 2672 profiteri
1359 2621 1553 2659 audeant.

284 2683 346 2720 Ad
367 2688 460 2723 octo
482 2690 621 2736 partes
645 2687 846 2726 orationis
868 2688 1014 2727 deinde
1035 2690 1185 2727 transit
1209 2689 1453 2727 Borbonius.
1478 2689 1604 2726 Docet
1626 2687 1724 2738 quid
1742 2688 1795 2727 sit

204 2756 354 2783 nomen
375 2747 382 2765 ¹
405 2750 443 2785 et
465 2748 499 2785 ei
517 2760 607 2798 quae
622 2749 815 2787 accidant
834 2762 841 2787 :
862 2751 1121 2802 comparatio
1146 2751 1158 2771 '2
1183 2751 1357 2797 scilicet,
1379 2761 1523 2800 genus,
1547 2750 1560 2771 ³
1577 2761 1790 2797 numerus,

203 2806 337 2856 figura
360 2809 389 2854 ⁴⁴,
413 2820 548 2856 casus,
573 2810 794 2851 declinatio
820 2812 850 2849 ⁵.

265 2921 291 2950 «1.
316 2919 426 2953 Omne
446 2931 574 2954 nomen
597 2926 648 2956 est
668 2926 727 2957 aut
745 2925 924 2965 proprium
946 2928 1004 2957 aut
1023 2926 1272 2966 appellativum.
1302 2944 1340 2948 —
1354 2925 1489 2957 Rursus
1507 2933 1609 2956 omne
1630 2922 1794 2966 Appella-

200 2965 311 2998 tivum
336 2972 389 3000 est
411 2971 470 3001 aut
498 2968 744 3004 substantivum
768 2975 826 3005 aut
850 2974 1057 3013 adjectivum.
1086 2991 1126 2996 —
1148 2971 1412 3005 Substantivum
1443 2975 1495 3005 est
1527 2972 1580 3004 cui
1614 2970 1691 3003 addi
1721 2980 1791 3003 non
