1945 3256
288 141 390 179 QUID
415 141 469 171 DE
493 140 725 172 PUEROBUM
749 141 1045 173 INSTITUTIONE
1069 142 1275 173 sENSERlT
1298 143 1553 177 BORBONIUS.
1669 150 1703 179 b‘l

408 215 483 247 Non
505 217 601 256 potes
623 214 725 247 avelli
748 216 921 258 (quisquis
943 216 1120 257 reclamet)
1141 215 1183 248 ab
1204 216 1277 253 illo,

493 261 611 293 Matris
634 261 830 293 inauditum
852 262 1112 305 ridiculumque
1135 272 1243 305 genus
1270 274 1275 294 z

411 308 464 340 Sic
484 308 625 346 faciens,
648 318 717 340 non
737 318 772 339 es
797 312 916 346 mater,
938 308 997 341 sed
1018 309 1103 341 dura
1127 319 1272 342 noverca
1298 321 1303 341 z

491 355 546 386 Sic
565 354 683 396 perdis
708 358 838 393 natum,
861 355 1053 394 Czecssiana,
1078 359 1188 388 tuum.

411 401 515 433 Simia
535 400 706 433 deformes
727 401 828 433 foetus
851 402 1004 437 miratur,
1031 405 1064 433 at
1085 402 1158 444 ipsa

493 448 587 488 Swpe
608 446 672 479 sub
693 447 853 489 amplexu
879 448 1022 490 pignora
1044 458 1119 480 cara
1143 453 1241 481 necat
1265 452 1287 481 ¹.

202 545 335 583 Nimio
351 545 488 584 studio
505 544 677 582 filiolum
695 555 815 581 suum
835 544 1008 582 curabat
1023 545 1254 583 ‹cI-axciliana.
1272 546 1379 591 Quot
1395 551 1533 587 autem
1548 554 1701 600 patres,

124 607 165 644 in
187 607 397 645 diversum
418 607 548 644 multo
569 605 735 654 gravius
758 605 1012 652 aberrantes,
1037 618 1089 644 ne
1111 607 1325 645 minimam
1349 609 1515 659 quidem
1532 611 1705 661 diligen-

123 668 224 706 tiam
247 669 288 706 in
311 669 460 706 liberos
480 667 747 706 intendebant
767 666 774 703 l
799 668 917 705 Haud
936 668 1087 705 mirum
1112 669 1254 718 igitur,
1279 670 1312 707 si
1329 670 1519 720 juvenes,
1546 685 1640 710 cum
1660 686 1702 711 se

120 734 293 780 paterna
314 729 531 780 disciplina
552 729 720 766 omnino
755 729 974 767 destitutos
1008 730 1210 777 viderent,
1239 731 1277 768 in
1307 732 1501 771 inertiam
1529 738 1567 772 et
1588 734 1702 785 ssagl-

119 792 222 829 tium
251 793 583 842 prorumperent.
619 791 702 828 Hos
732 790 911 841 impetiit
945 792 1176 830 Borbonius
1213 794 1466 841 scolasticos,
1497 807 1601 846 quos
1623 808 1703 834 non

118 853 519 904 pudebatinsomnes
530 853 776 890 noctesludo
795 864 1053 900 consumere,
1068 854 1245 893 vendere
1260 859 1395 894 vestes
1412 860 1535 908 atque
1558 857 1700 906 libros,

119 918 158 953 et
184 915 348 953 assidue
383 915 556 953 scortari
574 914 603 952 2.
640 914 812 952 Credere
849 916 973 953 velim
1004 915 1266 965 juventutem
1300 922 1485 957 nostram
1518 920 1702 959 moribus

119 978 247 1015 multo
270 977 514 1015 melioribus
532 977 590 1015 uti
614 980 653 1014 et
676 977 832 1014 nescire
853 978 952 1027 quid
974 977 1026 1016 sit
1047 977 1321 1017 Coralliorum
1343 992 1473 1030 genus
1493 982 1523 1018 3.

194 1039 374 1090 Hujusce
394 1039 594 1090 temporis
616 1042 893 1089 prteceptores
916 1040 963 1077 de
984 1052 1207 1090 puerorum
1228 1042 1411 1080 moribus
1429 1044 1699 1084 emendandis

115 1113 196 1139 non
214 1101 318 1139 mihi
341 1102 471 1140 multo
494 1101 728 1139 accuratius
749 1102 984 1139 elaborasse
1013 1102 1220 1140 videntur.
1253 1104 1281 1140 Ii
1311 1109 1464 1153 autem,
1492 1107 1700 1145 Borbonio

115 1163 147 1201 si
169 1163 364 1211 creditur,
388 1163 492 1201 nihil
513 1163 626 1201 aliud
649 1163 725 1201 sibi
758 1164 798 1200 in
820 1164 1005 1201 animum
1047 1165 1298 1204 inducebant
1327 1179 1452 1217 quam
1479 1166 1656 1218 juvenes
1679 1182 1701 1207 a

116 1237 285 1264 munere
306 1225 480 1264 honesto
503 1237 679 1264 avocare
701 1229 740 1263 et
763 1225 998 1263 barbariem
1020 1226 1183 1264 docere.

445 1319 483 1352 ln
508 1324 656 1352 mentem
680 1319 738 1353 tibi
760 1319 856 1363 quid,
879 1320 1030 1357 Rabelle,
1055 1321 1152 1353 venit

443 1368 585 1400 Nostros
607 1366 798 1409 discipulos
822 1371 858 1399 ut
877 1378 1019 1400 avocare

442 1415 619 1457 Nusquam
640 1424 657 1445 a
683 1424 826 1446 munere
845 1413 984 1447 desinas
1006 1415 1180 1447 honesto?

442 1462 624 1500 Nimirum,
648 1472 665 1493 a
687 1460 803 1494 studio
825 1461 1028 1503 politiorum

441 1511 693 1551 ¹&acrarumque
714 1508 757 1540 ab
777 1518 894 1541 amore
919 1509 1138 1542 litterarum?

440 1556 560 1588 Malles
581 1556 713 1598 quippe
736 1556 803 1587 tuis
827 1559 863 1587 ut
884 1556 919 1586 in
941 1556 1098 1596 salebris⁷

440 1603 481 1634 In
502 1603 604 1645 nugis
630 1603 809 1635 bominum
834 1602 1072 1641 tenebricosis,

440 1650 480 1681 In
503 1650 663 1692 tricisque
684 1649 854 1692 librisque
873 1653 1097 1693 quzrstuosis‚

438 1696 540 1729 Foeda
562 1698 596 1728 in
618 1695 785 1735 barbarie,
809 1698 845 1728 in
866 1696 948 1728 fimo
969 1698 1075 1740 inque
1095 1708 1192 1731 cinno

437 1744 517 1776 Tam
539 1754 650 1776 caram
675 1744 760 1775 male
782 1743 970 1786 perderent
989 1745 1169 1786 juventam
1194 1757 1200 1778 :

440 1791 542 1835 Atqui
559 1792 601 1830 (si
625 1791 708 1822 mibi
729 1790 855 1831 credis)
879 1791 953 1833 ipse
976 1792 1117 1833 posthac

438 1838 580 1871 Nostros
601 1837 792 1880 discipulos
815 1838 907 1870 sines
929 1838 1057 1875 valere,

438 1887 495 1924 Ne,
519 1896 604 1929 quas
625 1886 844 1927 persequeris
867 1885 984 1917 furens
1007 1885 1148 1930 ubique,
1178 1890 1179 1893 ’

437 1935 541 1966 Mum
565 1936 596 1964 te
619 1933 653 1964 in
675 1932 803 1964 rabiem
828 1933 986 1967 inferant,
1012 1933 1150 1966 flabelle
1177 1935 1197 1967 ί.

193 2049 205 2065 α
231 2031 422 2082 Plagosis
443 2030 523 2068 illis
547 2029 713 2067 Orbiliis
732 2029 966 2080 crassisque
989 2030 1291 2070 litteratoribus
1330 2048 1362 2078 »‚
1387 2034 1457 2084 qui
1480 2035 1576 2073 odio
1596 2037 1691 2087 plus

109 2106 232 2145 quam
254 2093 474 2132 Vatiniano
496 2092 710 2143 politiores
747 2091 906 2139 litteras
941 2092 1115 2130 oderant
1146 2093 1420 2145 inprimisque
1457 2108 1629 2146 grmcas,
1653 2102 1692 2138 et

108 2157 148 2194 in
176 2155 354 2206 publicis
386 2154 656 2193 concionibus
684 2165 703 2191 e
725 2156 922 2202 suggesto
953 2154 1295 2193 vociferabantur
1328 2157 1690 2211 admonebantque

106 2218 362 2268 plebeculam
384 2217 526 2256 sedulo
550 2215 781 2254 cavendum
804 2227 891 2253 esse
914 2227 962 2253 ne
988 2217 1106 2267 pueri
1131 2228 1265 2267 graece
1287 2219 1436 2257 litteris
1460 2220 1689 2260 formaren-

106 2283 188 2328 tur,
210 2292 292 2318 non
315 2291 412 2318 sane
433 2279 616 2330 pepercit
636 2278 881 2316 Borbonius.
905 2278 998 2324 Sed,
1017 2279 1219 2329 quidquid
1241 2280 1471 2319 diceretvel
1489 2283 1684 2329 efficeret,

106 2354 156 2380 ne
181 2343 221 2380 id
243 2342 409 2393 quidem
445 2340 759 2391 assequebatur,
796 2343 840 2377 ut
874 2340 1047 2377 istorum
1089 2342 1382 2380 auctoritatem
1423 2356 1552 2395 usque
1584 2347 1686 2385 adeo

107 2405 394 2443 inconcussam
417 2403 525 2453 apud
545 2406 737 2453 parentes
770 2400 973 2439 minueret
996 2405 1068 2440 aut
1090 2403 1351 2443 dissolveret.
1388 2406 1478 2456 Ipse
1501 2419 1597 2445 vero
1617 2408 1686 2446 do-

106 2468 217 2505 lebat
238 2466 347 2518 quod
368 2465 426 2503 illi
449 2464 626 2514 gothica}
645 2463 844 2501 barbarize
861 2468 1208 2514 propugnatores,
1228 2466 1337 2505 docti
1355 2471 1515 2505 tantum
1533 2470 1687 2508 credere

104 2541 150 2567 ac
170 2530 405 2575 verberare,
441 2528 585 2578 plenas
616 2537 780 2575 semper
813 2529 851 2563 et
885 2525 1119 2576 frequentes
1154 2527 1319 2565 scholas
1354 2541 1450 2567 suas
1480 2542 1684 2570 concursu

102 2591 532 2642 splendidissimorum
555 2588 759 2639 juvenum
788 2588 990 2634 viderent‚
1027 2592 1079 2635 et,
1117 2590 1309 2639 quamvis
1337 2591 1527 2629 doctrina
1560 2606 1684 2644 quam

103 2653 406 2704 profitebantur
425 2652 498 2690 vix
518 2652 624 2689 foret
645 2650 878 2696 vendibilis,
897 2662 945 2688 ex
961 2662 1009 2688 ea
1029 2654 1167 2689 tamen
1185 2652 1361 2690 multum
1375 2654 1467 2691 ieris
1484 2658 1523 2692 et
1539 2655 1684 2695 domos

167 2773 196 2803 1.
217 2772 332 2813 Naqoe,
355 2771 415 2809 ΙΙΙ,
438 2773 507 2803 137.

166 2820 196 2850 2.
219 2819 333 2859 Nuyoe,
356 2818 381 2856 Ι,
400 2819 469 2849 186.

166 2873 194 2903 3.
221 2872 336 2911 Νιιῃα),
359 2872 384 2906 Ι,
409 2873 476 2902 198.
499 2888 538 2894 -
560 2869 643 2902 Vide
665 2870 767 2902 etiam
790 2869 829 2907 ΙΙ,
854 2870 908 2900 46;
933 2868 974 2905 ll,
998 2870 1068 2900 ⁴127.

167 2923 196 2951 4.
217 2919 334 2960 Nuqae,
356 2918 415 2957 ΙΙΙ,
438 2923 467 2950 tl.
