1945 3256
523 193 580 225 DE
603 193 745 226 VARIIS
769 193 975 226 BORBONlI
997 192 1193 225 SCRIPTIS.
1614 197 1654 226 33

502 266 589 306 Quid
610 270 706 299 vates
728 266 823 299 aliud
844 277 947 310 quam
971 266 1053 299 dare
1074 266 1179 299 verba
1199 269 1314 309 potest
1329 269 1346 298 ἢ

440 313 565 345 Verum
588 323 660 355 age,
684 314 711 346 si
735 314 844 346 nostri
867 312 1010 347 sordent
1031 313 1105 353 tibi,
1128 313 1260 352 Carme,
1286 323 1424 353 versus,

502 361 667 400 Latrinas,
693 361 728 392 in
749 370 835 404 quas
857 360 1086 403 conjiciantur
1107 360 1212 394 habes
1230 363 1254 393 ¹.

535 503 591 535 ΙΙΙ.
613 521 653 526 -
673 503 773 536 Poeta
794 502 836 536 de
858 512 893 535 se
914 503 988 545 ipso
1010 502 1176 546 loquitur.

153 628 315 674 Quanto
354 627 554 666 humilius
592 628 633 666 in
665 628 854 678 rogando
897 641 943 668 ac
984 629 1259 668 mendicando
1306 640 1393 668 sese
1439 629 1583 681 abjicit
1618 634 1657 670 et

73 690 313 742 prosternit,
343 693 458 729 tanto
488 690 636 729 elatius
669 691 939 742 semetipsum
967 691 1121 738 evehit,
1159 703 1251 730 cum
1280 692 1465 743 penuriae
1503 693 1658 732 oblitus

73 752 285 802 ingenium
303 763 422 790 suum
444 753 749 803 contemplatur
770 756 809 791 et
831 753 1015 792 intuetur
1033 766 1040 792 :

505 850 590 882 Tun'
605 850 633 883 is
655 860 691 884 es
712 850 766 883 cui
786 861 856 884 non
878 851 1024 884 Helicon
1047 852 1185 894 negavit

506 898 679 939 Congredi
701 899 806 931 sacris
827 899 930 931 toties
951 898 1088 931 Deabus
1103 900 1118 930 Ὺ

509 944 594 976 Tun'
616 945 644 978 is
665 955 701 978 es
723 944 822 987 cujus
842 949 948 988 caput
976 947 1049 988 ipse
1070 945 1168 979 lauro

656 992 773 1025 Cinxit
797 993 949 1035 Apollo?

508 1038 670 1072 Gentium
686 1049 755 1082 quo
777 1049 846 1072 non
870 1042 1029 1082 penetrat
1050 1043 1190 1073 tuorum

506 1085 706 1118 Carminuni
729 1086 899 1128 clangor?
914 1086 1002 1126 Quid
1024 1088 1059 1119 in
1075 1087 1156 1120 orbe
1177 1090 1249 1120 toto

508 1133 583 1164 Jam
607 1133 675 1166 tuis
698 1133 813 1174 nugis,
839 1133 946 1175 elegis
965 1137 998 1166 et
1018 1133 1093 1166 odis

676 1179 809 1212 Clarius
832 1183 942 1213 exstat
957 1187 968 1203 ²
985 1182 1001 1212 ἵ)

157 1274 299 1324 Nugas
328 1285 427 1313 sane
459 1275 675 1326 scripsisse
708 1275 876 1324 fatetur,
912 1276 983 1314 sed
1017 1276 1117 1327 quid
1150 1276 1339 1315 futurum
1372 1279 1434 1315 est
1467 1277 1500 1314 si
1538 1278 1664 1316 semel

81 1336 261 1375 nobilius
284 1336 554 1387 aggrediatur
574 1349 678 1389 opus
695 1336 738 1375 ³?

156 1399 259 1437 Mira
278 1402 339 1437 est
368 1399 477 1437 enim
505 1403 544 1438 et
569 1400 752 1439 insolens
773 1400 882 1439 illius
899 1400 1117 1451 jactantia.
1148 1401 1210 1439 Illi
1235 1401 1490 1452 superbienti
1523 1402 1557 1440 si
1587 1414 1669 1453 qua

79 1460 179 1499 fides
205 1463 312 1499 esset
358 1460 608 1508 adhibenda,
654 1474 861 1514 nusquam
892 1463 1039 1502 suisset
1076 1466 1200 1514 poeta
1226 1464 1387 1510 melior,
1424 1464 1666 1514 elegantior,

79 1523 242 1569 tersior,
257 1523 483 1564 venustior,
498 1522 700 1574 jocosior.
718 1547 768 1552 —
783 1524 1081 1576 Quodcumque
1097 1537 1264 1564 carmen
1280 1526 1447 1572 emittit,
1468 1526 1507 1563 id
1522 1526 1670 1564 asserit

78 1584 287 1635 plerisque
326 1585 388 1622 ὀυκ
424 1583 589 1635 ἀμούσοις
625 1585 866 1624 hominibus
905 1587 1173 1637 placiturum.
1212 1588 1252 1625 Si
1282 1588 1448 1638 quando
1486 1587 1668 1638 jocatur,

73 1645 193 1697 jocos
228 1658 326 1685 suos
353 1647 573 1698 pollicetur
602 1648 900 1687 candidissimo
930 1652 1054 1700 atque
1082 1650 1368 1688 eruditissimo
1397 1650 1545 1700 cuique
1577 1651 1667 1689 viro

79 1711 222 1758 gratos
243 1708 344 1748 fore.
376 1709 464 1748 Imo
486 1713 629 1762 sperat
658 1722 864 1762 quemque
893 1711 933 1749 in
954 1712 1127 1761 legendo
1153 1727 1167 1747 ι(
1199 1712 1286 1750 risu
1313 1712 1568 1763 crepiturum
1592 1712 1621 1749 ⁴.
1652 1727 1665 1747 1»

157 1771 207 1810 Et
234 1771 346 1822 quod
374 1772 423 1810 de
453 1772 621 1822 ingenio
649 1785 724 1811 suo
757 1773 896 1821 sentit,
932 1773 973 1811 id
1001 1785 1166 1824 quoque
1192 1774 1241 1812 de
1269 1786 1459 1825 persona.
1491 1773 1608 1818 Quod
1635 1775 1669 1813 si

77 1835 216 1872 tamen
255 1834 418 1873 videres
448 1835 608 1873 iconem
636 1835 750 1874 illam
780 1848 906 1887 quam
947 1836 1139 1874 omnibus
1169 1837 1382 1886 Nugarum
1417 1837 1669 1876 editionibus

80 1895 260 1934 inserere
293 1897 441 1943 voluit,
474 1908 522 1934 ne
557 1898 640 1936 oris
671 1898 735 1936 sui
764 1898 1016 1938 lineamenta
1050 1899 1338 1949 posteritatem
1367 1898 1596 1949 effugerent
1635 1899 1667 1946 5,

78 1958 331 1997 Borbonium
353 1970 454 1998 naso
483 1959 610 1998 fuisse
640 1960 829 2010 longiore
855 1963 895 1999 et
922 1960 1026 1999 facie
1046 1961 1248 1999 emaciata
1276 1960 1453 1999 forsitan
1475 1961 1664 2001 faterere.

79 2020 150 2058 llle
172 2023 309 2059 autem
331 2033 416 2060 suae
436 2021 581 2061 formae
601 2023 891 2074 praestantiam
912 2023 954 2061 in
975 2023 1100 2061 dubio
1119 2034 1333 2074 nunquam
1356 2022 1519 2071 habuit,
1537 2027 1581 2062 ut
1602 2023 1668 2063 his

79 2082 267 2120 versibus
289 2085 464 2122 testatus
486 2087 547 2122 est
570 2095 578 2122 :

389 2167 471 2209 Sum
495 2180 591 2210 vates
612 2187 688 2220 ego,
707 2178 903 2220 Lingonicae
930 2186 1009 2211 sum
1032 2177 1142 2220 gloria
1165 2178 1276 2220 gentis
1305 2189 1312 2210 :

430 2223 509 2256 Sum
521 2226 668 2265 juvenis,
692 2227 801 2267 qualis
823 2236 898 2257 cum
919 2230 1092 2266 raperetur
1112 2225 1240 2266 Hylas.-

388 2271 431 2302 Et
451 2271 634 2313 Phryyium
650 2282 768 2313 supero
792 2273 1011 2314 Ganymedem
1033 2282 1166 2304 munere
1186 2273 1322 2313 fornum

142 2370 173 2401 4.
194 2369 310 2410 Nuyoe.
334 2370 375 2408 ΙΙ,
403 2372 469 2403 184.

141 2418 171 2449 2.
194 2417 309 2458 Nugyoe,
332 2417 418 2456 VllI,
443 2420 513 2451 1108.

132 2496 157 2520 3.
409 2496 437 2522 Si
457 2505 501 2522 me
519 2496 668 2524 nobilitant
686 2496 775 2533 Nugae
796 2497 873 2533 quid,
894 2507 1000 2534 quaeso,
1021 2498 1148 2526 futurum
1169 2500 1210 2525 est

484 2537 513 2564 Si
532 2546 618 2573 grave
635 2539 771 2566 maturius
791 2539 890 2566 moliar
908 2539 1009 2566 author
1025 2540 1117 2575 opus?
1373 2572 1395 2600 H
1428 2574 1460 2600 ὃν

1401 2595 1407 2606 ,
1446 2585 1471 2602 ο.

138 2638 168 2668 4.
191 2649 206 2664 «
227 2636 310 2669 Tota
331 2636 429 2679 sylva
459 2636 578 2679 jocosa
607 2641 659 2670 cst
687 2649 726 2672 ac
750 2639 853 2682 plena
873 2639 1075 2673 facetiarum
1109 2649 1115 2671 :
1138 2649 1214 2672 eam
1236 2638 1341 2671 simul
1375 2640 1480 2681 atque
1500 2637 1654 2671 famulus

79 2692 176 2715 meus
195 2681 427 2727 descripserit,
449 2683 491 2717 ad
511 2688 544 2718 te
567 2685 712 2719 mittam.
737 2687 893 2728 Crepabis
916 2688 988 2719 risa
1009 2687 1106 2728 (scio)
1129 2687 1220 2719 inter
1251 2685 1449 2727 legendum.
1475 2699 1488 2714 »
1510 2686 1661 2725 Epistola

79 2730 123 2761 ad
142 2730 316 2763 Pucrium.

137 2784 167 2814 5.
192 2783 261 2816 Hoc
281 2785 518 2818 tetrastichum
539 2784 581 2818 de
604 2796 665 2819 sua
687 2787 838 2830 imagine
860 2790 1104 2830 composuerat
1125 2797 1132 2818 z

448 2873 513 2901 Haec
532 2877 574 2901 est
595 2875 726 2902 Borbonii
748 2876 874 2903 florentis
895 2877 986 2912 imago
1006 2880 1105 2911 pootae,

519 2916 607 2948 Quam
627 2917 721 2951 quivis
742 2917 790 2944 Coi·
812 2918 886 2944 dicat
904 2918 1008 2953 Apellis
1029 2926 1114 2952 opus.

448 2956 506 2983 Hoc
525 2965 540 2983 a
561 2957 699 2984 Borbonio
721 2959 813 2985 differt
834 2962 925 2985 tamen
948 2959 1014 2991 ista;
1037 2958 1169 2993 loquendi

520 2998 607 3026 Exors
627 3003 684 3031 est3
707 3001 810 3036 linguis
834 3001 934 3027 nobilis
958 3001 1002 3027 ille
1024 3001 1126 3028 tribus,
