1945 3256
607 201 660 230 DE
683 200 779 231 VlTA
803 199 971 231 NlCOLAI
995 200 1212 231 ssoRBONu.
1679 206 1696 234 :3

194 277 282 314 Non
316 278 456 315 arrisit
483 289 581 315 sane
609 278 722 315 locus
757 277 824 314 ille
855 289 927 314 nec
956 278 1051 315 vitie
1085 289 1228 326 genus,
1265 289 1357 315 cum
1388 278 1499 327 pisce
1532 281 1696 329 putrido

115 339 286 389 ovisque
304 339 523 389 corruptis,
550 340 716 376 Erasmo
737 339 770 375 si
795 339 989 383 creditur,
1016 339 1207 388 discipuli
1237 339 1446 376 alerentur
1466 341 1692 391 scholaque

114 401 305 438 exirent«
327 402 463 438 onusti
485 413 566 439 non
590 401 751 447 litteris,
768 412 866 438 vero
889 400 1103 449 pediculis.
1130 417 1146 434 »
1167 401 1298 445 Quam
1323 402 1374 439 ob
1396 414 1481 439 rem
1506 414 1695 441 reversus

116 465 177 500 est
202 462 244 499 in
274 463 467 513 patriam.
497 463 674 503 Etcum,
701 463 739 498 in
769 462 847 499 hac
881 465 1022 499 tenera
1050 466 1185 501 [etate.
1222 475 1386 500 summa
1411 464 1623 502 voluntate
1658 469 1696 503 et

115 524 252 573 gratia
288 527 495 562 teneretur
534 524 832 573 componendis
872 524 1075 565 versibus,
1114 525 1164 561 ab
1206 536 1253 562 eo
1295 525 1432 562 studio
1471 538 1694 577 parumper

117 588 319 624 retractus
347 589 408 623 est
439 589 656 635 parentum
686 586 986 623 monitionibus
1016 586 1085 635 qui
1114 597 1283 623 monere
1313 587 1429 623 illum
1464 588 1628 626 assidue
1659 592 1699 626 et

120 646 276 684 hortari
298 658 379 684 non
412 647 665 684 desistebant
701 647 752 683 ad
782 651 890 685 artes
919 648 1120 693 utiliores,
1150 651 1192 685 ut
1223 659 1315 698 quae
1344 649 1395 686 ad
1424 653 1629 698 qil-testum
1659 654 1699 688 et

118 720 216 759 opes
243 708 545 758 comparandas
581 709 716 757 magis
744 709 1003 746 intenderent
1027 711 1053 746 ¹.
1093 709 1183 751 Sed,
1221 721 1313 747 cum
1355 711 1526 759 agendis
1563 712 1699 749 causis

118 770 286 807 minime
307 770 500 807 idoneum
523 781 564 807 se
584 770 754 812 videret,
779 781 825 807 ac
851 771 1056 808 medicina
1079 774 1395 821 mercaturaque
1417 772 1695 822 displicerent„

120 832 158 869 in
182 842 255 869 suo
276 831 464 869 instituto
490 831 670 881 perstitit
696 843 742 869 ac
765 835 896 870 totum
926 844 968 870 se
997 832 1152 870 dicavit
1171 833 1344 883 poetica¹
1365 833 1566 877 facultati,
1594 835 1699 872 unde

117 893 369 942 singularem
391 893 544 930 famam
570 893 648 930 sibi
679 893 766 931 fore
788 894 997 943 sperabat.

194 954 328 991 Ausus
368 958 470 999 erat,
524 955 621 991 dum
663 955 703 991 in
744 955 888 993 schola
926 956 1149 1001 assidebat,
1191 968 1356 994 carmen
1408 956 1604 995 inchoare
1644 959 1693 995 de

116 1026 338 1065 puerorum
368 1017 571 1058 moribus,
607 1017 675 1054 sed
698 1028 790 1053 cum
820 1020 947 1055 tantae
976 1018 1162 1055 materne
1189 1029 1230 1055 se
1263 1018 1465 1068 imparem
1489 1020 1697 1063 sensisset,

116 1089 285 1115 manum
322 1077 371 1115 de
409 1078 551 1115 tabula
591 1078 734 1116 tollere
774 1080 978 1117 maluerat
1017 1091 1142 1129 quam
1183 1080 1414 1129 periculoso
1455 1086 1700 1130 argumento

116 1139 269 1177 diutius
292 1140 507 1177 immorari
526 1139 558 1177 ².

196 1200 369 1251 Scripsit
392 1204 444 1246 et,
470 1212 599 1239 annos
621 1203 939 1252 quatuordecim
962 1206 1096 1247 natus,
1122 1215 1273 1253 poema
1298 1205 1361 1241 cui
1385 1205 1528 1242 titulus
1555 1205 1698 1244 Ferm-

116 1262 193 1305 rc'a,
219 1263 258 1299 in
281 1274 361 1312 quo
384 1263 675 1313 Vandoperam
699 1275 816 1301 suam
848 1267 1062 1314 artemque
1093 1268 1311 1315 paternam
1336 1265 1589 1304 hexametris
1611 1279 1699 1305 ver-

117 1324 228 1362 sibus
248 1324 488 1362 celebravit.
512 1326 568 1363 Ac
590 1326 740 1362 mirum
762 1337 886 1375 quam
910 1327 1089 1376 copiose.
1110 1338 1234 1376 quam
1257 1327 1468 1376 eleganter
1484 1329 1701 1366 materiam

116 1388 202 1423 tam
224 1386 397 1423 arduam
418 1386 662 1436 acjejunam
684 1388 938 1425 tractaverit.
959 1388 1040 1425 lloc
1063 1388 1309 1437 opusculum
1333 1389 1384 1426 ad
1407 1390 1631 1439 Georgium
1653 1391 1701 1428 (le

117 1448 360 1492 Quarlecoio
376 1448 404 1493 ³,
424 1448 549 1486 Ricoei
567 1447 579 1468 ‘⁶
598 1448 861 1498 toparchum,
877 1450 1148 1487 consecravit.
1166 1450 1269 1488 Nam
1291 1452 1390 1501 quid
1414 1452 1551 1490 valent
1569 1456 1702 1503 poetze

118 1510 205 1548 sine
225 1508 544 1548 Maecenatibus?

195 1571 776 1622 Sollicitavitetpatrocinium
788 1572 950 1621 Georgii
962 1573 1010 1610 de
1024 1573 1254 1621 Ambasiaf,
1267 1575 1533 1613 illustrissimi
1546 1576 1699 1619 herois,

119 1634 188 1684 qui
207 1633 248 1670 in
269 1633 582 1672 matrimonium
599 1634 772 1672 duxerat
792 1635 1041 1672 Antoninam
1059 1635 1108 1672 de
1128 1636 1338 1680 Ambasia,
1361 1637 1573 1676 dominam
1597 1639 1700 1676 Van-

119 1695 298 1745 doperae.
334 1695 543 1733 Maecenati
579 1707 652 1733 suo
681 1696 791 1746 apud
826 1696 1041 1733 Ticinum⁶
1073 1697 1112 1733 in
1135 1698 1222 1735 acie
1256 1699 1392 1736 occiso
1427 1698 1544 1737 ferali
1573 1704 1696 1738 cantu

119 1757 370 1808 parentavit.
399 1757 563 1795 Novum
601 1760 739 1795 autem
772 1759 990 1796 Antoninae
1017 1760 1228 1805 maritum,
1262 1760 1488 1798 Antonium
1519 1762 1567 1799 de
1599 1763 1693 1799 Bar—

119 1819 232 1856 besio
251 1818 263 1839 ⁷
296 1822 416 1868 grato
446 1819 665 1869 faustoque
693 1821 876 1857 carmine
909 1821 1136 1859 salutavit:
1172 1820 1268 1860 huic
1293 1834 1334 1860 se
1366 1825 1499 1861 tolum
1533 1824 1696 1863 addixit

120 1883 159 1918 et
180 1881 220 1918 in
238 1892 410 1918 numero
434 1881 685 1919 famulorum
709 1882 888 1919 adscribi
911 1882 1040 1920 voluit
1057 1883 1091 1920 ⁸.

198 1943 278 1980 Nec
302 1943 576 1981 Dintavillos⁹
601 1944 796 1993 neglexit,
833 1944 1073 1991 Lodoicum,
1105 1945 1285 1995 equitem
1321 1946 1544 1986 Rhodium.
1580 1948 1697 1998 cujus

187 2050 209 2078 1.
235 2047 331 2087 Quod
355 2048 407 2079 liis
428 2047 588 2080 versibus
606 2049 775 2080 Ferrariae
795 2048 984 2080 clarissime
1006 2053 1149 2091 apparet
1174 2061 1179 2081 ;

454 2113 511 2139 Ahl
533 2114 665 2139 miserum
685 2122 804 2148 puerum
823 2117 906 2148 atque»
925 2114 1045 2141 infausto
1068 2115 1158 2141 sidere
1180 2116 1292 2142 natum!

456 2189 511 2216 Cur
530 2197 584 2215 non
606 2189 777 2224 Hippocrati.
798 2199 848 2216 cur
869 2199 924 2217 non
945 2191 994 2217 das
1014 2191 1123 2226 legibus
1144 2201 1241 2218 amens

457 2230 593 2256 Humanis
613 2240 725 2265 operam
746 2235 776 2257 ut
795 2232 885 2266 possis
907 2233 1025 2259 evadere
1051 2233 1130 2259 dives
1139 2234 1151 2258 'J

457 2274 556 2300 Vivere
577 2283 702 2306 securus,
724 2276 849 2309 preciosa
870 2279 946 2301 veste
968 2276 1076 2302 nitere?

457 2315 477 2342 Ο
498 2323 540 2341 me
561 2315 699 2341 infelicem
721 2325 839 2350 puerum
860 2326 942 2350 quem
965 2317 1040 2343 nulla
1064 2317 1168 2351 cupido

457 2356 541 2383 Vexat
561 2365 655 2390 opum,
677 2366 759 2391 quem
782 2357 874 2383 nullus
894 2366 971 2383 arnor
992 2359 1144 2384 sceleratus
1169 2358 1294 2385 habendi

457 2397 591 2424 Sollicitat
596 2417 706 2423 ..........

210 2481 216 2487 .
238 2454 321 2487 Vide
343 2456 576 2495 praefationem
606 2457 773 2488 Carminis
794 2458 837 2488 ad
849 2468 969 2497 pueros
990 2459 1027 2489 cle
1047 2460 1205 2490 moribus.

236 2502 374 2537 Gallice,
399 2504 439 2534 de
459 2504 596 2544 Crefquy.

236 2549 374 2585 Gallice,
395 2550 452 2581 Les
472 2551 592 2591 Riccys,
612 2551 712 2582 cl].-l.
735 2551 776 2582 de
797 2554 935 2590 canton,
957 2561 1023 2584 arr.
1047 2552 1315 2585 Bar-sur-Seine
1335 2553 1470 2594 (Aubel.

237 2596 374 2631 Gallice,
396 2597 534 2637 Geni-yes
555 2598 751 2629 (l'Amboise.

208 2668 216 2675 .
237 2643 374 2685 Gallice,
394 2645 503 2676 Pavie.

237 2691 374 2729 Gallice,
397 2692 538 2723 Antoine
552 2693 589 2723 de
606 2693 638 2722 ln
653 2693 922 2731 Rochefoucanld,
945 2695 1094 2733 seiynewr
1114 2695 1152 2725 tle
1176 2694 1396 2726 Barbezieuss.

208 2764 213 2769 .
242 2739 354 2779 Nuqoe,
378 2739 404 2778 Ι,
426 2740 498 2770 223.

185 2457 214 2770 &sapsam

495 2821 564 2847 Ecce
583 2824 675 2848 tamen
695 2825 781 2848 totum
803 2822 851 2847 tibi
873 2831 925 2853 me,
948 2823 991 2848 vir
1012 2824 1140 2855 maxime,
1163 2824 1243 2850 dedo.

495 2862 567 2888 Dum
585 2863 689 2895 vivam,
712 2863 739 2889 in
760 2863 870 2888 famulis
893 2872 936 2888 mc
957 2865 1110 2891 numerabo
1134 2866 1201 2892 tuiS.

1190 2926 1195 2931 ὑ
1241 2925 1247 2931 ⁴
1270 2946 1367 2980 Nuycr,
1386 2948 1405 2977 Ι,
1429 2947 1492 2973 224.

188 2980 218 3009 8.
242 2977 380 3017 Gallice,
403 2980 440 3011 de
460 2981 647 3012 Dinteville.
