1945 3256
545 181 598 211 DE
624 179 720 210 VITA
743 178 911 211 NICOLAI
932 178 1145 210 BORBONII.
1624 183 1654 211 15

70 258 181 296 tatis.
211 258 382 295 Jacehat
410 258 528 295 vivus
562 256 701 302 homo,
732 255 1016 305 resupinatus,
1042 255 1191 301 nudus,
1216 255 1422 293 bracchiis
1456 257 1651 306 tibiisque

72 331 196 357 nervo
233 319 446 365 districtis,
471 319 511 355 in
552 328 790 367 moremque
832 316 1018 354 crucifixi
1056 316 1257 354 distentis.
1301 317 1495 355 Carnifex
1531 329 1653 368 super

71 381 318 419 accumbens
339 381 471 418 cultro
502 383 645 430 pectus
670 378 835 429 aperuit
864 382 1115 428 cruentaque
1139 390 1264 415 manu
1291 379 1546 417 abstractum
1583 391 1653 418 cor

70 443 294 481 videndum
326 443 512 492 porrexit
546 440 755 482 morlenti,
794 440 940 477 deinde
971 439 1103 490 hepar
1130 443 1360 490 caeteraque
1393 441 1639 491 praecordia,

71 517 116 542 ac
140 507 348 554 postremo
363 504 501 541 virilia
516 505 731 552 amputata
746 500 898 550 objecit
914 501 1119 539 similiter.
1140 502 1302 539 Diceres
1318 502 1645 547 [thadainantos‚

70 567 266 614 Nerones,
290 565 523 615 Dionysios‚
549 563 795 600 Phalaridas
817 575 904 613 pree
932 563 1012 600 illis
1033 563 1222 601 homines
1238 564 1363 602 fuisse
1388 564 1644 602 mitissimos.

72 630 186 667 Unde
208 628 479 677 virgilianum
502 624 798 663 hemistichion
820 636 982 663 mecum
1005 636 1114 676 saepe
1133 626 1308 663 mussito
1335 639 1340 662 :

522 729 610 761 Satis
632 732 683 761 est
703 732 841 769 gentem
864 729 1027 770 effugisse
1050 728 1246 760 nefandam.

149 820 189 857 Si
211 819 301 869 quis
323 818 551 856 amicorum
575 818 668 854 illuc
691 817 816 855 vellet
835 816 1058 867 proficisci,
1083 828 1174 854 eum
1197 817 1254 854 ita
1276 817 1525 855 dehortarer
1552 832 1557 855 z

396 914 466 945 Heu
491 914 568 954 luge
590 912 746 945 crudeles
771 916 891 950 terras,
917 913 994 954 fuge
1016 912 1113 945 littus
1135 922 1291 944 avarum.

148 999 340 1037 Gratulor
373 999 492 1036 nobis
525 998 669 1043 Gallis,
705 998 894 1047 gratulor
924 998 1160 1035 Britannis¹
1199 1001 1239 1036 et
1272 998 1420 1045 Scotis,
1461 1000 1649 1048 gratulor

68 1062 227 1099 caeteris
246 1061 394 1099 vicinis
410 1061 648 1098 nationibus
664 1060 773 1111 apud
794 1071 896 1109 quas
913 1072 1000 1097 mos
1019 1063 1079 1098 est
1095 1060 1216 1109 longe
1230 1060 1453 1098 humanior
1468 1062 1651 1100 animad-

67 1122 253 1160 vertendi
275 1122 315 1159 in
337 1126 490 1160 sontes.
521 1137 534 1157 »

146 1184 228 1222 Sub
257 1183 378 1221 finem
407 1185 502 1221 anni
530 1185 766 1229 MDXXXV‚
798 1185 895 1222 dum
924 1183 1100 1221 Londini
1130 1187 1284 1232 ageret.
1316 1185 1476 1235 accepit
1502 1186 1654 1223 obiisse

66 1248 226 1296 patrem
247 1246 462 1291 Joannem⁷
488 1258 610 1296 quem
628 1246 716 1296 jam
741 1258 850 1284 anno
874 1246 1115 1282 MDXXXIII
1137 1246 1254 1295 quasi
1277 1245 1487 1284 defuctum
1510 1247 1653 1286 imma-

66 1310 155 1345 ture
177 1306 400 1345 defleverat
418 1307 448 1344 2.

146 1369 190 1406 In
209 1368 383 1406 Galliam
403 1381 607 1415 reversus,
627 1369 706 1407 hoc
721 1370 979 1420 epitaphium
999 1370 1134 1420 patrio
1151 1372 1189 1406 et
1204 1380 1283 1407 avo
1303 1381 1479 1407 moerens
1496 1372 1648 1421 posuit.

353 1473 422 1504 Hac
442 1473 510 1505 (luo
532 1474 680 1505 Joannes
703 1472 767 1505 sul)
790 1474 895 1505 humo
915 1477 992 1516 post
1013 1473 1078 1505 sata
1099 1473 1287 1514 quiescunt

415 1520 487 1552 Una
511 1519 686 1557 Borbonii,
710 1520 802 1552 filius
823 1524 925 1562 atque
947 1523 1053 1562 pater.

351 1566 503 1603 Ornavit,
528 1567 668 1604 meritis,
695 1567 795 1606 fama,
820 1567 957 1609 pietate,
978 1575 1060 1598 suos
1082 1569 1114 1598 et

393 1613 564 1645 Saeculum
587 1618 731 1656 uterque
754 1624 870 1653 suum,
892 1614 1201 1656 Vandoperamque
1228 1623 1339 1645 suam.

332 1661 438 1693 Nemo
460 1660 535 1692 lleat
558 1661 641 1693 tales
667 1673 674 1691 :
696 1663 783 1693 cur?
804 1671 881 1704 quae
902 1661 1040 1703 cupiere
1062 1670 1123 1703 per
1143 1670 1281 1693 omnem

393 1708 501 1739 Vitam
524 1718 603 1740 cum
618 1708 752 1741 Christo
770 1718 875 1749 regna
896 1712 1025 1746 tenere,
1050 1711 1167 1741 tenent
1182 1709 1222 1739 3⁶?

143 1795 224 1833 Nec
243 1795 368 1844 paulo
390 1798 484 1844 post
510 1795 558 1833 de
586 1796 671 1832 vita
699 1796 875 1833 decessit
895 1798 1027 1833 mater
1048 1794 1150 1845 ejus,
1174 1796 1301 1833 Maria
1322 1796 1502 1834 Gallaria
1524 1809 1649 1847 quam

64 1870 146 1901 non
164 1859 324 1897 minore
344 1860 455 1898 luctu
476 1863 720 1910 prosecutus
742 1864 817 1906 est,
840 1863 885 1898 ut
906 1863 1068 1898 constat
1090 1871 1140 1898 ex
1160 1872 1268 1898 novo
1290 1861 1505 1911 epitaphio
1522 1862 1551 1898 4.

129 1983 153 2012 l.
179 1980 422 2013 Britannorum
450 1990 578 2013 nomen
608 1981 662 2013 hic
689 1980 878 2022 prudenter
904 1981 1093 2013 inseruisse
1119 1981 1258 2013 videtur
1285 1981 1500 2020 Borbonius,
1529 1982 1652 2015 fallens

65 2029 109 2060 ita
123 2028 305 2069 legentem,
322 2038 365 2059 ne
387 2028 471 2060 forte
485 2029 576 2070 apud
593 2028 723 2069 Anglos
741 2030 869 2060 amicos
891 2027 1085 2060 immodicae
1108 2028 1236 2069 linguae
1262 2037 1399 2071 poenam
1421 2028 1543 2062 lueret.
1562 2030 1649 2062 Illud

63 2084 202 2117 quoque
223 2074 413 2107 notandum
435 2078 486 2107 est
509 2085 571 2107 neo
595 2075 686 2107 diem
708 2085 772 2107 nec
792 2075 907 2108 Iocum
929 2075 1008 2107 huic
1029 2075 1184 2118 epistolae
1208 2075 1317 2108 fuisse
1340 2075 1545 2118 adscriptos.

123 2123 152 2154 2.
175 2122 215 2154 Iu
235 2122 386 2154 editione
409 2123 564 2164 principe
586 2123 776 2163 Nuyamm,
802 2125 896 2157 1533.

124 2170 154 2200 3.
174 2168 289 2208 Nuyoe,
308 2169 360 2207 IV,
378 2171 416 2201 62
451 2188 487 2192 ψ
503 2168 594 2201 Obiit
613 2173 710 2211 pater
731 2179 860 2201 annum
882 2179 986 2211 agens
1010 2171 1182 2208 LXXXIII,
1201 2179 1293 2203 anno
1315 2171 1450 2211 salutis,
1473 2172 1651 2205 MDXXVI.

64 2233 100 2239 ——
123 2214 215 2248 Obiit
235 2214 327 2247 filius
346 2217 446 2247 annis
468 2216 522 2247 XV
544 2219 638 2257 patre
660 2217 785 2254 minor,
807 2227 898 2249 anno
924 2217 1058 2248 Domini
1082 2217 1276 2249 MDXXXV.

118 2300 143 2323 si.
394 2298 487 2325 Viator
508 2303 558 2330 sta,
583 2308 661 2325 sacer
680 2303 722 2325 est
741 2309 823 2334 quem
844 2301 989 2334 pulverem
1011 2301 1100 2326 vides.

382 2339 432 2365 Hic
450 2340 562 2365 immina
582 2343 624 2366 est
644 2341 767 2372 humata,
789 2341 904 2367 foemina
925 2341 1050 2367 omnium

382 2381 455 2411 Quas
478 2380 641 2415 Vandopera
660 2390 784 2416 unquam
805 2382 962 2416 Lingonum
985 2382 1060 2408 sei-fix
1084 2392 1150 2417 ager

381 2422 462 2453 Tulit,
485 2423 639 2448 cultissima
659 2426 685 2449 et
706 2424 939 2458 relligiosissinia,
963 2426 989 2449 et

380 2463 446 2494 Quae
467 2463 540 2489 dicta
562 2468 648 2489 mater
669 2472 821 2499 egenorum
843 2465 929 2499 vulgo
951 2465 1011 2494 suit,

380 2502 502 2529 Honeste
523 2507 587 2529 nata
608 2505 677 2534 loro,
697 2505 781 2531 Maria
803 2505 935 2531 Gallaria.

381 2544 445 2570 Haec
467 2545 604 2571 Borbonio
624 2546 746 2580 conjunx
764 2546 863 2572 Joanni
886 2547 956 2581 patri

380 2585 448 2615 Meo,
472 2587 550 2620 gravi
572 2590 599 2612 et
620 2595 717 2613 severo
740 2590 766 2612 et
787 2588 892 2622 inclyto
917 2588 987 2617 viro,

381 2626 433 2652 Sex
456 2626 526 2653 filios
547 2628 668 2654 moriens
690 2628 815 2662 duasque
832 2629 902 2654 silias

381 2667 510 2701 Reliquit.
535 2667 555 2694 O
577 2676 627 2694 nos
650 2669 751 2696 talibus
773 2670 937 2705 parentibus

380 2709 451 2735 olim
471 2710 565 2735 beatos
587 2710 705 2736 nimium
730 2720 735 2738 2
761 2720 777 2737 o
797 2720 872 2737 nune
894 2711 1078 2741 miserrimos,

381 2750 463 2781 Queis
485 2750 571 2776 Parca
591 2751 713 2785 maligna
733 2756 760 2779 et
779 2753 903 2779 immitis,
927 2755 1077 2786 utrumque
1101 2751 1227 2782 abstulit,

381 2791 476 2816 Adhuc
497 2800 591 2817 rerum
612 2793 747 2827 imperitis
770 2793 1002 2820 adolescentulis!

381 2832 435 2858 Sed
455 2833 536 2858 ambo
556 2834 629 2867 apud
650 2843 744 2861 manes
763 2836 907 2869 quieseant
930 2834 1062 2864 molliter,

381 2873 598 2908 Colias-itemque
620 2876 670 2901 iuli
693 2877 726 2901 ab
751 2878 821 2902 (irco
843 2876 945 2905 lurido,

382 2914 549 2949 prolemque¹
571 2916 641 2941 votis
665 2917 793 2951 adjuti-nt
815 2926 893 2943 sunm
916 2918 980 2951 piis.

1213 2956 1308 2989 Ναθῶ,
1331 2957 1374 2988 1V,
1400 2959 1441 2984 64.
