1945 3256
203 220 242 249 Ἡ.
761 220 815 251 DE
842 220 937 252 ΥΙΤΑ
963 220 1016 252 ΕΤ
1038 220 1235 253 Stlltll'TIS.

283 298 314 334 A
336 298 627 345 grammatica,
646 298 1050 350 licetai'·tluastepii1s
1069 299 1272 343 videatur,
1291 299 1429 337 studia
1452 299 1633 338 ineunda
1647 303 1742 338 sunt
1761 299 1786 344 ¹,

204 358 273 396 sed
302 359 341 395 id
380 360 569 410 inprimis
606 372 753 399 cavere
792 360 1015 411 oportebit,
1054 374 1103 398 ne
1137 361 1276 399 studia
1310 361 1379 412 qui
1424 373 1565 400 amare
1606 362 1789 400 nondum

202 424 338 471 potest
364 422 499 460 oderit
526 425 564 461 et
594 424 916 463 amaritudinem
952 424 1077 462 semel
1100 427 1340 477 perceptam
1377 424 1502 463 etiam
1531 425 1642 466 ultra
1667 424 1791 464 rudes

206 494 335 522 annos
357 484 609 524 reformidet.

206 624 298 658 vm.
318 643 355 648 —
370 624 458 666 Quid
474 627 704 669 grammatica·
727 637 915 671 puerorum
934 628 1146 671 pectusculis
1163 627 1409 661 instillandum
1425 627 1620 661 Borbonius
1640 631 1790 661 censeat.

283 741 505 793 Plerasque
526 743 698 793 hujusce
719 744 920 794 temporis
942 744 1225 783 institutiones
1247 745 1560 794 grammaticas,
1580 755 1671 794 qua}
1693 746 1790 781 tunc

202 802 243 840 in
266 803 419 841 scholis
443 805 656 853 vigebant,
681 806 824 856 plenas
847 819 934 844 esse
962 807 1162 845 molestia)
1192 811 1316 858 alque
1341 807 1450 844 tsmlii
1481 818 1561 844 non
1591 805 1792 843 diffitetur

202 865 448 903 Borbonius.
482 868 682 905 Auctores
711 869 911 919 przecipui
946 869 1012 919 qui
1046 885 1058 902 «
1093 869 1141 906 de
1171 868 1458 918 grammaticis
1488 866 1740 917 labyrinthis
1775 881 1788 901 υ

198 925 313 976 justa
355 928 570 967 volumina
611 930 947 980 conscripserant
979 930 1427 981 przeceptiuneularum
1464 930 1586 968 turba
1620 928 1791 980 puerilis

202 989 399 1038 ingenioli
424 991 740 1030 teneritudinem
763 992 1061 1035 obtundebant,
1086 993 1216 1043 iisque
1236 994 1305 1043 qui
1330 992 1467 1031 adhuc
1488 993 1593 1030 laete
1613 990 1791 1040 egebant

202 1052 441 1091 solidiorem
463 1054 730 1104 adponebant
745 1054 895 1093 cibum.
914 1055 1062 1105 Siquis
1084 1066 1183 1093 vero
1202 1056 1327 1105 paulo
1341 1055 1541 1093 audacior
1559 1053 1790 1092 conabatur

202 1113 280 1152 has
307 1114 486 1164 gothica]
518 1116 721 1155 barbari-ie
753 1117 949 1167 reliquias
984 1129 1003 1155 e
1036 1117 1172 1155 medio
1206 1118 1364 1162 tollere,
1402 1117 1457 1154 dii
1493 1117 1605 1161 boni,
1643 1114 1793 1166 quibus

202 1188 296 1214 cum
318 1178 516 1216 monstris
538 1190 602 1216 res
625 1179 683 1216 illi
712 1180 853 1217 statim
881 1180 1021 1218 futura
1042 1178 1158 1217 erat?
1188 1179 1286 1229 quid
1319 1191 1401 1217 non
1430 1179 1626 1216 audiebat
1649 1177 1699 1215 ab
1721 1175 1793 1214 Or-

204 1239 312 1277 biliis
351 1241 601 1290 quibusdam
635 1242 870 1292 crassisque
904 1240 1236 1280 litterz‘itorilms?
1266 1246 1397 1286 Quam
1432 1241 1572 1279 statim
1603 1239 1792 1277 exsibila-

202 1300 325 1339 hatur
347 1302 397 1339 ab
421 1303 469 1340 iis
492 1303 561 1353 qui
584 1303 686 1340 nihil
709 1304 816 1341 aliud
838 1316 989 1355 pueros
1012 1304 1214 1341 docebant
1236 1316 1360 1354 quam
1382 1302 1656 1341 dediscenda!

282 1364 512 1402 Borbonius
541 1369 677 1404 tamen
707 1378 787 1404 non
823 1367 1032 1404 dubitavit
1060 1366 1161 1403 inire
1193 1366 1385 1416 prielium
1417 1377 1511 1403 cum
1545 1365 1634 1402 istis
1661 1363 1793 1401 homi-

204 1425 345 1463 nibus.
394 1426 569 1466 Tabellas
601 1428 769 1479 scripsit
808 1428 1105 1466 Elementmu'ms*
1152 1443 1164 1462 α
1205 1428 1322 1477 quasi
1360 1427 1564 1478 prafludia
1604 1425 1795 1477 quaedam

202 1488 419 1527 tenellulos
449 1490 608 1539 puellos
633 1491 685 1528 ad
708 1491 1029 1539 gramin.2iticani
1054 1490 1351 1541 praeparantia.
1381 1504 1394 1523 »
1422 1489 1571 1527 Curam
1601 1486 1796 1526 adhibuit

202 1553 261 1592 ut,
286 1561 378 1588 cum
402 1551 538 1589 adhuc
559 1553 679 1590 rudia
700 1556 898 1591 tractaret
921 1553 1103 1602 ingenia,
1135 1564 1216 1590 non
1239 1552 1381 1590 statim
1404 1554 1597 1589 oneraret
1622 1549 1795 1587 infirmi-

202 1614 329 1649 tatem
370 1614 639 1661 discentium‚
683 1615 750 1653 sed
793 1618 1044 1667 temperaret
1082 1615 1191 1653 vires
1231 1626 1327 1652 suas
1367 1617 1405 1652 et
1440 1614 1493 1651 ad
1541 1612 1795 1651 intellectum

203 1674 461 1713 audientium
496 1677 774 1721 descenderet,
812 1689 881 1715 eos
920 1678 1002 1715 imo
1040 1677 1326 1729 persuaderet,
1360 1677 1400 1713 in
1428 1688 1471 1714 re
1500 1674 1792 1725 grammatica,

203 1735 308 1774 nihil
324 1749 412 1776 esse
434 1751 597 1788 magma
617 1739 889 1778 difficultatis.
1751 1747 1755 1750 ’

283 1799 520 1851 Praecipuas
540 1803 601 1839 sui
618 1803 818 1853 temporis
831 1803 1129 1852 grammaticas
1145 1814 1227 1839 non
1245 1804 1383 1840 tamen
1400 1800 1611 1838 existimat
1624 1798 1794 1837 omnino

203 1871 292 1899 esse
313 1864 582 1913 respuendas.
605 1864 707 1902 Sunt
736 1865 777 1902 in
806 1865 856 1902 iis
878 1868 1017 1916 partes
1044 1864 1254 1902 nonnullae
1284 1875 1374 1914 quae
1401 1862 1610 1901 neminem
1639 1860 1795 1899 studio-

204 1933 295 1960 sum
329 1923 508 1975 effugere
545 1926 735 1973 debeant,
777 1927 818 1964 id
858 1930 918 1965 est
958 1927 1175 1965 nominum
1215 1926 1525 1969 inclinamenta,
1568 1923 1795 1962 verborum

203 1984 370 2025 flexurae
384 1988 597 2039 multaque
618 1989 701 2026 alia
717 2001 809 2040 quae
822 1990 1055 2027 Borbonius
1078 1989 1117 2026 in
1133 1987 1301 2027 flabellis
1317 1985 1606 2026 Elementctriis
1624 1985 1795 2036 (justam

204 2047 313 2085 enim
346 2051 668 2097 grammaticam
701 2052 919 2102 scripsisse
954 2050 1172 2100 diffitetur)
1209 2049 1490 2100 prietermisit.
1523 2049 1613 2085 Non
1643 2047 1795 2084 mirum

203 2120 317 2158 ergo,
342 2111 375 2148 si
395 2113 600 2162 puellulos
621 2114 767 2162 graecis
790 2114 937 2151 litteris
959 2117 1030 2151 aut
1052 2113 1192 2151 latinis
1216 2112 1500 2150 incumbentes
1523 2110 1574 2148 ad
1602 2108 1798 2148 Theodori

205 2170 325 2209 Gazw
356 2173 640 2213 Insle'lntiom’s
680 2179 751 2214 aut
781 2176 833 2213 ad
867 2175 1017 2214 Donati
1050 2175 1195 2213 Parcet*
1230 2174 1464 2212 Borbonius
1496 2182 1796 2222 nonnunquam

206 2234 403 2272 remittat.
458 2237 647 2274 Tabellas
690 2249 786 2275 suas
826 2237 1064 2283 scribendo,
1109 2237 1149 2273 id
1190 2237 1268 2274 sibi
1315 2239 1478 2274 tantum
1526 2233 1798 2286 proposuisse

205 2295 382 2342 videtur,
408 2301 466 2345 ut,
492 2299 531 2335 in
554 2299 743 2337 densiore
773 2300 881 2338 silva
911 2300 1052 2351 spinas
1081 2311 1128 2338 ac
1159 2299 1340 2345 dumeta,
1376 2302 1437 2349 tut
1475 2298 1532 2336 ita
1557 2294 1709 2347 dicam)
1746 2295 1796 2333 ab

208 2357 526 2399 adolescentulis
547 2366 781 2401 removeret
802 2361 831 2400 ².

261 2465 282 2490 l·
626 2467 719 2493 I‘rima
742 2468 901 2493 rndinwnla
921 2472 947 2494 et
964 2471 1053 2494 certas
1075 2468 1224 2502 perdiscite
1238 2468 1314 2501 leges

664 2510 863 2535 Grammaticus
882 2517 887 2535 t
910 2518 960 2535 nec
980 2519 1028 2535 vos
1051 2513 1148 2535 terreat
1170 2510 1221 2535 isle
1234 2510 1321 2534 labor.

628 2551 732 2584 Aspera
751 2551 898 2584 principio.
917 2554 943 2576 et
962 2551 1080 2576 nimium
1101 2560 1163 2585 quae
1182 2551 1251 2577 dura
1272 2550 1403 2576 videntur

666 2591 771 2627 Mitigsst
794 2592 852 2617 hirc
868 2600 935 2618 usus
956 2593 1147 2627 sedulitasque
1170 2593 1276 2618 domat.

1354 2625 1588 2660 (Pcriluyoyium.)

269 2694 299 2724 2.
322 2691 415 2724 Illud
439 2694 539 2725 etiam
562 2693 753 2727 notandum
777 2697 827 2726 est
851 2695 1038 2726 Doctrinale
1060 2695 1249 2725 Alea-andri
1264 2704 1280 2725 a
1297 2692 1468 2726 Borbonio
1491 2700 1670 2732 nunquam
1693 2689 1799 2721 fuisse

209 2739 422 2772 invocatum.
450 2741 612 2779 Quinimo
640 2741 919 2783 Despauterium,
948 2742 1006 2783 qui
1036 2746 1164 2779 tamen,
1194 2744 1289 2773 sexto
1322 2740 1457 2773 decimo
1485 2737 1625 2773 saeculo.
1649 2737 1798 2778 primum

208 2786 322 2818 locum
341 2788 431 2820 inter
451 2788 693 2829 grammaticos
710 2788 859 2825 tenebat,
888 2789 1030 2820 minime
1051 2788 1174 2821 secisse
1188 2787 1338 2820 videtur.
1358 2788 1399 2818 Ea
1417 2789 1498 2817 sunt
1519 2785 1615 2816 illius
1631 2782 1737 2816 verba
1757 2784 1800 2815 de

210 2834 290 2865 Arte
314 2835 559 2875 Vei-sificatoria
591 2835 746 2877 ejusdem
783 2837 957 2868 auctoris:
986 2850 999 2864 «
1025 2835 1110 2867 Nolo
1133 2835 1294 2867 insectari
1323 2834 1499 2866 hominem
1528 2836 1716 2868 mortuum,
1740 2830 1799 2873 qui

212 2890 293 2912 sane
314 2880 356 2913 de
380 2892 414 2914 re
442 2882 621 2920 littoraria,
646 2881 730 2914 dum
757 2883 857 2920 vixit,
883 2882 968 2916 bene
995 2883 1120 2915 mereri
1150 2881 1323 2915 studuit...
1347 2882 1494 2912 Tantum
1524 2879 1589 2910 hoe.
1614 2879 1733 2919 ringor
1763 2887 1801 2909 ac

211 2926 311 2959 doleo
348 2939 408 2970 per
435 2929 663 2971 praerancidas
693 2930 1010 2971 grammatistarum
1042 2928 1277 2972 quorumdam
1305 2925 1617 2970 prirceptiuneulas
1653 2924 1741 2963 fieri,
1762 2926 1800 2956 ut

210 2974 316 3014 vulgo
338 2974 440 3007 bodie
460 2980 493 3007 et
514 2986 606 3007 sacra
631 2986 807 3009 musarum
835 2978 1062 3017 profanentur
1082 2979 1115 3007 et
1142 2979 1191 3008 tot
1212 2975 1339 3017 alioqui
1371 2971 1526 3005 felicibus
1554 2970 1797 3004 adolescentu-

211 3019 484 3062 lorumingeniis
500 3022 719 3055 densissimae
735 3022 886 3054 tenebra}
908 3022 1187 3055 obsundantur1.
1208 3035 1221 3051 n
1238 3022 1393 3057 (Tabelloe
1404 3019 1650 3056 Elementarioe,
1672 3028 1705 3059 p.
1729 3018 1797 3058 34.)
