1945 3256
261 189 300 220 4ss
817 186 873 221 DE
893 188 994 221 VITA
1016 189 1070 222 ET
1094 188 1292 223 SCRIPTIS.

260 266 486 316 parvulum
517 266 728 317 quoddam
758 278 925 306 carmen
959 267 1075 318 eligit
1107 269 1219 319 quod
1250 284 1267 304 (ι
1297 270 1494 321 exprimit
1521 271 1785 313 liberiuscule
1812 277 1852 314 et

260 328 381 378 quasi
399 330 712 381 παραφραστικῶς.
741 343 756 365 1>
781 329 1016 368 AEmulatur
1038 330 1230 381 inprimis
1250 335 1398 382 poetas
1420 333 1603 373 minores
1623 335 1651 374 ¹.

326 447 517 482 Menandro
540 459 582 482 ex
600 448 749 489 Stobaeo‚
770 450 932 490 Luciano,
955 453 1018 484 etc.
1040 451 1095 484 Sic
1120 451 1163 485 de
1190 462 1315 485 novem
1337 453 1456 493 Musis,
1483 464 1527 487 ex
1551 454 1764 498 Theogonia,
1787 457 1851 491 hos

262 495 401 529 Hesiodi
426 505 548 529 versus
572 507 577 528 :
600 499 705 530 Εννεά
724 499 896 542 θυγατέρες
917 501 1058 540 μεγαλα-,ι
1082 502 1157 537 Atos,
1186 503 1250 533 etc.
1284 499 1389 534 latine
1411 501 1631 536 transtulisse
1652 503 1820 547 gloriatur

541 603 593 631 Ter
614 606 668 631 tres
688 607 755 631 sunt
774 604 873 635 Musae,
895 614 958 640 qum
978 614 1080 641 magno
1100 610 1165 633 sunl
1186 606 1250 634 lore
1271 611 1342 634 11:11ae
1365 616 1370 635 :

541 645 609 677 Clio,
632 645 817 681 Eutemeque,
839 646 989 682 Thaliaque
1010 647 1257 683 Melpomenet1u03

540 683 790 722 Terpsichoreque,
812 686 951 723 Eratoque
971 688 1174 724 Polymniaque
1195 689 1369 725 Uranieque:

542 727 719 762 Calliopeque
740 736 746 755 :
767 728 827 755 haec
845 731 939 755 aulem
958 729 1026 755 alins
1046 730 1128 765 longe
1148 731 1234 757 auteit
1253 732 1371 758 omneis.
1504 767 1562 794 vm
1599 769 1626 783 w

1567 789 1572 799 ,
1596 774 1639 794 zo.

320 843 413 878 Illud
435 845 576 878 Homeri
598 844 803 889 praeclarum
824 845 997 880 distichon
1015 856 1054 879 ex
1076 846 1134 880 lib.
1152 847 1269 881 Iliadis
1292 858 1385 881 nono
1406 849 1454 882 sic
1473 848 1585 882 obiter
1603 849 1717 882 vertit.

548 961 660 1004 ἐχθρὸς
678 961 739 1003 γάρ
763 972 816 1003 μοι
836 965 942 998 κεῖνος
958 962 1044 1002 ὁμῶς
1073 960 1183 994 Ἀΐδαο
1199 962 1339 1012 πύλῃσιν

546 1013 624 1056 ὅσχ’
644 1016 757 1057 ἕτερον
779 1026 835 1056 μεν
860 1016 956 1064 κεύθῃ
974 1016 1020 1048 ἐνὶ
1041 1017 1168 1060 φρέσιν,
1190 1015 1269 1049 ἄλλο
1288 1018 1322 1048 δὲ
1342 1018 1417 1066 ξιτ(ι

575 1113 708 1149 Quisquis
728 1114 825 1150 lingua
844 1114 919 1141 aliud
940 1114 1073 1150 loquitur,
1096 1124 1179 1151 quam
1199 1118 1310 1150 pectore
1330 1116 1423 1148 sentit,

574 1155 637 1182 Non
656 1155 750 1182 minus
770 1155 845 1183 hunc
865 1156 920 1187 odi,
942 1165 1027 1191 quam
1048 1157 1122 1192 nigri
1141 1157 1227 1184 limen
1247 1157 1362 1184 Averni.

1524 1193 1571 1225 lv,
1593 1194 1636 1220 49.

629 1250 692 1278 Non
711 1251 806 1277 minus
826 1254 867 1278 est
887 1251 950 1278 odio
969 1251 1073 1287 dignus
1093 1260 1177 1287 quam
1197 1251 1285 1278 Janua
1309 1251 1390 1286 Ditis,

680 1292 733 1324 Qui
753 1293 886 1328 loquitur,
909 1296 950 1319 set
966 1301 1022 1320 non
1042 1297 1154 1328 pectore
1174 1293 1258 1320 sentit
1277 1293 1360 1320 idem.
1528 1328 1562 1356 lv
1596 1330 1627 1355 ὅθ

1566 1349 1573 1362 ²
1594 1346 1599 1352 ¹
1632 1350 1637 1356 ⁶

610 1388 663 1415 Ore
683 1388 763 1414 aliter
782 1388 911 1423 quisquis·
930 1388 1065 1424 loquitur,
1086 1397 1171 1424 quam
1190 1391 1302 1424 pectore
1322 1388 1415 1420 sentit,

662 1429 745 1456 Hune
765 1430 821 1463 odi,
842 1433 975 1464 tanquam
995 1430 1101 1463 limina,
1124 1430 1214 1463 Pluto,
1237 1432 1295 1457 tua.
1527 1463 1562 1491 lv
1594 1466 1623 1491 5¹

1566 1486 1572 1497 ,
1631 1483 1638 1490 .

319 1561 348 1592 1.
372 1559 426 1592 Sic
447 1557 488 1591 ad
511 1559 766 1601 lepidissimum
787 1558 877 1592 illud
897 1559 1125 1593 Anacreontis
1147 1569 1285 1593 carmen
1315 1560 1351 1593 οὔ
1374 1570 1429 1601 μοι
1462 1560 1551 1601 μέλει
1582 1559 1691 1600 Γύγεω
1714 1556 1847 1591 adlusit

257 1607 292 1639 in
316 1606 458 1649 gratiam
480 1606 623 1639 Antonii
635 1606 787 1645 olivarii,
808 1607 875 1640 viri
897 1608 1121 1641 ornatissimi.

486 1702 531 1729 Nil
552 1710 620 1728 curo
640 1702 714 1737 regis
735 1712 835 1729 aurum
1212 1704 1367 1739 Argentum
1390 1700 1458 1728 mihi
1478 1702 1520 1729 sac

486 1743 573 1779 Gygis
595 1752 601 1770 :
623 1744 684 1771 sino
704 1748 839 1780 tyrannos
1213 1746 1338 1777 Cratera,
1360 1747 1416 1770 tam
1436 1744 1609 1779 profundum

484 1784 593 1811 Habere
609 1794 685 1820 opes,
704 1794 755 1812 nec
774 1789 849 1821 opto.
1212 1786 1301 1818 Quam
1322 1789 1353 1812 tu
1373 1789 1464 1821 potes,
1486 1793 1654 1820 cavumque,

485 1826 564 1853 Curae
585 1827 652 1853 mihi
672 1831 722 1858 est,
744 1828 830 1854 odoro
1213 1827 1382 1862 Circumque
1403 1835 1459 1854 non
1479 1827 1614 1854 ferentem

483 1868 603 1894 Barbam
624 1868 752 1904 Syroque
771 1870 845 1896 olivo
1212 1869 1328 1895 Martem
1348 1872 1395 1895 aut
1414 1869 1526 1904 pigrum
1547 1868 1659 1895 Bootem

483 1909 656 1936 Perfundere
678 1919 684 1937 ;
705 1914 789 1945 atque
809 1912 903 1938 vernis
1211 1910 1248 1936 Mi
1269 1910 1374 1945 sculpe.
1395 1910 1467 1942 Quid
1484 1910 1552 1936 mihi
1573 1918 1637 1936 cum

485 1950 615 1978 Frontem
636 1952 710 1979 rosis
731 1953 827 1988 ligare.
1213 1951 1304 1987 Hujus
1325 1952 1400 1978 modi
1411 1952 1424 1977 ⁹?
1438 1954 1479 1978 set
1500 1959 1569 1978 uvas

486 1991 552 2019 Hoec
573 1993 618 2019 hic
640 1994 700 2020 dies
720 1997 815 2020 monet
834 2003 878 2020 me
1215 1993 1344 2028 Vitesque
1364 1993 1406 2019 sae
1426 1993 1559 2024 virentes,

483 2033 586 2060 Curare
606 2043 612 2061 :
632 2043 714 2061 nemo
734 2035 813 2062 novit
1212 2034 1343 2069 Laetoque
1362 2043 1427 2061 cum
1450 2034 1531 2069 Lyaeo

482 2073 555 2105 Quid
573 2073 621 2100 lux
640 2082 761 2108 sequens
781 2074 873 2102 vehat.
894 2076 944 2107 Tu,
1213 2075 1365 2102 Pulchrum
1385 2076 1511 2111 puellum
1529 2075 1670 2102 Amorem.

484 2113 617 2146 Vulcama,
636 2123 691 2149 qua
710 2118 769 2141 arte
788 2119 914 2150 praestas,
1385 2116 1519 2150 (Tabelloe
1533 2115 1760 2150 Elementartoe.)

315 2199 340 2231 E
362 2209 472 2242 graeco
494 2201 650 2234 Nicarchi
672 2201 760 2235 illud
782 2204 1009 2236 tetrastichon
1031 2207 1216 2237 mutuatus
1241 2208 1293 2238 est
1314 2217 1322 2236 :

606 2298 690 2325 Arma
710 2307 811 2335 gerens
832 2298 932 2331 Pallas,
954 2299 1089 2327 Venerem
1109 2300 1185 2327 videt
1207 2309 1284 2327 arma
1303 2304 1447 2336 gerentem

694 2340 777 2368 Nunc
796 2349 931 2377 pugnam,
953 2341 1044 2374 sodes,
1068 2350 1142 2369 nunc
1162 2342 1301 2374 ineamus,
1323 2342 1371 2369 ait.

605 2380 707 2417 Cypria
728 2382 882 2417 respondit,
904 2391 987 2417 quam
1009 2391 1085 2410 nunc
1104 2383 1241 2410 audacula
1259 2384 1362 2410 temnis

694 2423 846 2455 Armatam,
866 2431 930 2450 cum
950 2427 976 2450 le
996 2424 1073 2457 vicit,
1094 2424 1211 2451 inermis
1231 2428 1301 2451 erat.
1509 2458 1534 2486 H
1569 2460 1616 2485 1ου

1538 2479 1545 2493 ,
1604 2469 1630 2485 ο.

316 2527 413 2560 Idem
436 2529 635 2570 poemation
653 2529 777 2569 gallice
798 2530 954 2564 imitatus
975 2535 1027 2564 est
1046 2531 1187 2565 Carolus
1203 2531 1403 2575 Millevoye.

656 2630 731 2657 Pour
752 2631 868 2658 divertir
887 2631 912 2658 Ie
932 2632 1032 2659 ce'lesle
1051 2632 1149 2668 sejour

658 2672 699 2700 De
720 2681 770 2699 son
790 2676 896 2705 amant,
919 2673 1063 2709 Cythereie,
1086 2683 1125 2701 un
1146 2675 1216 2702 beau
1228 2674 1303 2710 jour,

656 2713 716 2740 Prit
735 2718 762 2740 et
775 2714 906 2741 l’armure
926 2717 953 2741 et
972 2715 998 2741 la
1017 2715 1130 2742 marche
1149 2716 1256 2742 hardie.

655 2754 745 2781 Pallas
764 2756 867 2791 rougit,
890 2756 960 2782 croit
978 2756 1064 2791 qu'on
1084 2757 1113 2784 la
1132 2756 1257 2792 parodie,

658 2795 733 2822 Offre
752 2804 790 2823 un
810 2796 896 2822 cartel
915 2798 930 2822 a
950 2797 976 2823 la
996 2798 1071 2824 mere
1091 2798 1236 2829 d'Amour,

657 2836 690 2863 Et
710 2840 776 2864 veut
796 2845 850 2863 aux
871 2837 960 2864 Dieux
983 2838 1093 2864 donner
1112 2839 1138 2864 la
1158 2838 1292 2874 tragedie.

656 2877 777 2913 Cyprine
799 2878 872 2904 alors
893 2886 928 2905 en
948 2886 994 2905 ces
1015 2882 1087 2906 mots
1107 2879 1209 2906 l’eluda
1231 2888 1237 2906 :

655 2928 669 2943 <t
690 2918 889 2946 Oubliez-vous
909 2922 987 2947 votre
1007 2920 1209 2948 deconvenue?

657 2959 731 2986 Dans
752 2963 833 2987 notre
851 2960 921 2988 lutte
939 2969 974 2988 au
993 2961 1058 2997 pied
1077 2962 1114 2988 du
1135 2964 1213 2988 mont
1233 2961 1291 2987 Ida.

653 3001 684 3028 Je
704 3009 774 3029 vous
793 3002 934 3037 vafflquis,
955 3006 981 3030 et
1000 3005 1130 3038 pourtant
1147 3002 1197 3037 ΓΞ
1208 3003 1247 3029 ais
1268 3010 1330 3028 nne.
1352 3012 1365 3026 ›-
