1945 3256
503 224 558 256 DE
581 223 725 256 VARIIS
748 223 953 256 BoRBONll
977 223 1174 256 SCRIPTIS.
1595 227 1634 257 43

418 302 456 334 Et
476 310 569 333 nunc
590 300 862 343 grammaticum,
887 309 981 331 nunc
1004 302 1035 331 te
1057 299 1138 331 facis
1160 299 1233 341 ipse
1255 299 1446 337 Platonem,

462 348 516 381 Nil
539 348 642 380 homo
665 347 889 389 grammatici,
907 346 1028 389 nilque
1051 346 1203 379 Platonis
1227 346 1383 384 habens;

419 396 541 429 Omnia
565 395 646 427 novi
668 394 823 436 (inquis),
842 403 861 426 o
879 393 1130 435 perfectissime
1151 396 1254 431 certe,

459 443 490 475 Si
512 445 556 481 te,
581 445 618 474 ut
638 451 673 473 re
687 451 767 473 vera
788 450 835 478 es,
859 441 997 473 noveris
1018 449 1093 473 esse
1114 441 1200 473 nihil
1215 443 1240 473 ¹.

127 532 225 577 Quis
247 531 324 570 fuit
346 532 411 569 ille
433 530 731 580 grammaticus
743 527 762 566 ἶ)
777 529 970 566 Nonnulli
987 529 1279 568 existimarunt
1294 541 1381 568 esse
1398 529 1633 569 Johannem

48 594 366 641 Cheredamum,
385 593 587 642 inclytum
604 593 815 629 auctorem
834 590 1116 629 Gramimctz'cw
1133 590 1345 642 Isaqoqc'cce
1359 590 1389 638 ²,
1408 591 1499 630 ideo
1523 592 1633 642 quod

50 656 281 694 Borbonius
300 655 401 693 illud
422 657 461 693 et
481 653 742 704 epigramma
762 652 948 690 ediderat
973 663 981 690 :

317 745 568 779 Grammaticen
598 745 741 786 scripsit
761 754 907 785 graecam
929 743 1153 777 Charidemus
1182 754 1328 787 eamque

356 792 522 825 Praedicat
545 794 724 824 ostentans
747 791 909 823 omnibus
930 795 1033 834 atque
1056 791 1174 833 legens
1198 802 1204 822 :

318 840 451 872 Asserit
473 849 547 871 csse
568 839 651 882 ipsis
672 838 727 871 vel
749 839 893 871 Athenis
916 839 1130 871 Atticiorem.

362 887 525 919 Mentitur
548 897 553 917 z
577 895 708 927 graecus
733 895 816 918 num
840 885 1067 918 Charidemus
1090 886 1192 918 homo
1215 889 1265 919 est
1280 887 1318 918 3⁶?

131 977 186 1014 De
207 987 254 1014 ea
271 987 314 1013 re
335 975 521 1026 querenti
544 974 799 1013 Cheredamo
822 975 1035 1025 respondit
1057 978 1196 1012 noster
1218 987 1224 1012 :

316 1068 377 1106 Qui
401 1066 462 1100 tibi
486 1066 659 1105 dixerunt,
675 1066 869 1099 Charidemi
897 1067 1038 1099 nomine
1060 1065 1137 1099 ficto

359 1113 578 1146 Carminibus
601 1113 725 1145 famam
745 1124 798 1145 me
820 1112 969 1145 lacerare
992 1117 1100 1152 tuam,

320 1161 346 1194 Ii
368 1161 486 1193 fecisse
508 1159 611 1192 fidem
636 1159 696 1192 tibi
723 1160 749 1192 si
772 1163 928 1202 potuere,
946 1160 1029 1203 quid
1052 1159 1094 1191 ad
1116 1170 1169 1192 me
1187 1161 1203 1192 ⁵?

358 1207 532 1241 Credule?
555 1207 747 1240 Credulitas
769 1218 853 1239 num
876 1210 944 1245 tua,
968 1207 1070 1249 culpa
1095 1218 1166 1240 mea
1185 1209 1287 1240 ew?

127 1295 176 1333 Et
197 1306 274 1344 ego
299 1293 465 1332 credere
486 1293 581 1331 volo
604 1293 644 1331 in
667 1292 746 1331 hoc
769 1304 907 1331 rerum
936 1293 1111 1331 articulo
1141 1293 1354 1331 credulum
1379 1293 1506 1332 fuisse
1536 1293 1637 1331 Che—

53 1357 270 1395 redamum
307 1359 431 1406 atque
468 1355 559 1393 haec
598 1355 793 1393 Borbonii
832 1356 1136 1406 epigrammata
1169 1356 1220 1393 ad
1253 1356 1379 1393 alium
1414 1355 1636 1406 quemdam

52 1419 390 1469 grammaticum,
420 1417 589 1456 doctum
617 1418 753 1455 minus
784 1420 822 1456 et
852 1418 1022 1455 minime
1054 1417 1338 1468 spectabilem,
1372 1418 1559 1457 attinere.
1594 1417 1638 1455 Id

52 1481 161 1519 enim
192 1480 609 1518 animadvertendum
636 1483 712 1526 est,
736 1491 782 1518 eo
810 1483 995 1530 tempore
1021 1492 1103 1530 quo
1131 1479 1427 1518 humaniorum
1456 1479 1637 1530 discipli-

52 1553 200 1580 narum
223 1542 361 1580 studia
378 1541 709 1587 reflorescebant,
727 1542 953 1580 scolasticae
973 1542 1177 1580 barbariae
1194 1542 1377 1580 fautores
1394 1541 1637 1580 aBorbonio

52 1607 214 1642 tantum
235 1604 361 1642 fuisse
380 1604 615 1654 impetitos:
634 1604 842 1654 politioris
867 1607 1004 1642 autem
1033 1604 1277 1642 litteratura}
1302 1607 1637 1655 propugnatores

52 1667 226 1704 summis
247 1666 440 1704 laudibus
461 1669 685 1704 exornatos
705 1666 949 1716 plerumque
970 1666 1199 1704 recessisse.

131 1728 407 1766 Laudatorem
441 1728 550 1766 enim
580 1731 619 1766 et
652 1728 770 1778 quasi
802 1739 1037 1779 praeconem
1068 1729 1373 1767 renascentium
1405 1729 1636 1767 litterarum

53 1790 282 1830 Borbonius
305 1802 391 1828 sese
411 1790 644 1841 profitetur,
662 1790 941 1840 continuoque
960 1790 1153 1828 bellicum
1175 1791 1284 1829 canit
1308 1790 1347 1828 in
1369 1790 1608 1829 Barbariem
1627 1802 1633 1827 :

402 1893 475 1924 Jam
498 1892 623 1924 studiis
643 1892 754 1924 inhiat
774 1895 866 1924 totus
890 1892 1092 1924 melioribus
1117 1891 1223 1924 orbis.

442 1937 530 1979 Quid
551 1939 673 1981 fugitas
687 1940 703 1971 ἵ)
724 1938 779 1977 da,
801 1939 854 1977 da,
879 1938 1022 1971 barbara
1045 1938 1157 1978 turba,
1184 1949 1307 1971 manus
1322 1941 1346 1971 5.

134 2036 174 2074 Si
196 2047 317 2086 quem
338 2035 475 2073 virum
504 2037 614 2086 apud
640 2036 845 2074 litteratos
874 2036 1075 2087 conspicit
1106 2035 1308 2086 majorem
1338 2036 1639 2087 clarioremque

54 2099 160 2146 aliis,
173 2097 282 2135 hunc
294 2098 433 2136 statim
444 2097 858 2148 studiosaejuventuti
869 2098 1014 2136 ducem
1026 2098 1234 2149 prreponit
1244 2098 1637 2149 imperatoremque,

53 2164 98 2198 ut
120 2160 177 2197 ita
197 2160 348 2207 dicam,
372 2160 538 2198 salutat.
564 2160 628 2198 Sic
651 2161 882 2207 Erasmum,
906 2160 963 2198 sic
984 2160 1198 2205 Budaeum,
1224 2160 1528 2211 Alciatumque‚
1548 2160 1640 2198 bar-

54 2222 172 2259 baria
193 2221 283 2259 fusa
305 2221 624 2272 profligataque,
648 2222 766 2272 quasi
794 2221 1101 2272 triumphantes
1123 2222 1395 2260 concelebrat.
1424 2222 1504 2259 Nee
1526 2225 1636 2268 sunt,

54 2296 145 2335 quae
168 2287 338 2322 manant
370 2295 390 2322 e
423 2284 598 2330 calamo,
630 2295 772 2322 vacuae
808 2284 1032 2333 inanesque
1065 2283 1220 2321 laudes.
1258 2284 1403 2322 Pectus
1436 2286 1496 2322 est
1528 2283 1639 2334 quod

54 2349 220 2396 poetam
249 2345 437 2396 inspirat.
465 2346 524 2383 Ad
552 2346 788 2396 exemplum
814 2345 1023 2396 proferam
1052 2345 1131 2383 hoc
1159 2357 1325 2383 carmen
1348 2357 1429 2396 quo
1454 2345 1636 2384 Aleiatus

54 2408 287 2446 Valentiam
309 2408 520 2457 ingressus
542 2408 748 2446 salutatur
772 2420 778 2445 z

365 2504 390 2537 O
412 2514 474 2537 nos
497 2505 623 2543 felices,
647 2516 665 2537 o
688 2505 796 2536 fausta
822 2504 988 2542 Valentia,
1014 2508 1105 2536 recte

363 2552 396 2583 Si
418 2551 502 2594 quid
524 2552 558 2584 in
584 2552 644 2584 hac
664 2553 735 2584 vita
756 2552 834 2583 felix
859 2552 1079 2594 faustumque
1100 2555 1255 2591 vocatur,

363 2598 518 2631 Alciatus
542 2600 649 2636 venit,
667 2600 775 2632 nostri
797 2599 987 2632 certissima
1011 2599 1104 2631 saecli

363 2645 491 2685 Gloria,
515 2650 711 2679 sanctarum
733 2646 862 2678 callens
883 2646 1055 2686 enigmata
1076 2645 1191 2688 legum
1217 2658 1222 2676 :

364 2692 519 2726 Alciatus
542 2697 613 2726 toto
630 2694 784 2727 victurus
807 2693 935 2726 nobilis
959 2692 1053 2731 orbo,

118 2772 144 2801 vl.
170 2770 284 2811 Nnyae,
307 2771 349 2807 II,
373 2772 423 2803 44.

115 2818 144 2848 2.
170 2816 397 2850 Grammatica
416 2818 586 2860 Isayoyt'ca
615 2819 808 2852 Glteredamt
829 2819 994 2860 Sayiensis
1015 2828 1055 2850 ex
1075 2819 1212 2850 diversis
1239 2817 1432 2849 authoribus
1452 2818 1497 2849 ad
1514 2818 1638 2850 studio-

51 2873 162 2897 sorum
176 2865 354 2897 utilitatem
370 2867 471 2898 multo
485 2868 596 2899 labore
613 2868 741 2899 selecta.
755 2866 915 2908 AEgidius
931 2865 1194 2904 Gourmontius,
1220 2866 1309 2903 15:³1,
1328 2865 1426 2900 iii-4⁰.

114 2913 144 2943 3.
163 2911 279 2953 Nuyoe,
301 2913 327 2951 1,
342 2915 392 2946 98.
416 2932 455 2938 —
475 2913 559 2947 Vide
583 2915 686 2947 etiam
709 2915 734 2953 1,
753 2916 805 2955 99,
827 2915 901 2949 215.

115 2962 144 2990 4.
168 2959 285 3001 Nu9oe‚
307 2960 394 2998 VIII,
410 2964 461 2994 621.

115 3008 144 3037 5.
167 3006 321 3047 Nummi,
344 3009 414 3042 407.
