<?xml version="1.0" encoding="UTF-8"?>
<!DOCTYPE html PUBLIC "-//W3C//DTD XHTML 1.0 Transitional//EN"
    "http://www.w3.org/TR/xhtml1/DTD/xhtml1-transitional.dtd">
<html xmlns="http://www.w3.org/1999/xhtml" xml:lang="en" lang="en">
 <head>
  <title>
</title>
<meta http-equiv="Content-Type" content="text/html;charset=utf-8" />
  <meta name='ocr-system' content='tesseract 3.04.00' />
  <meta name='ocr-capabilities' content='ocr_page ocr_carea ocr_par ocr_line ocrx_word'/>
</head>
<body>
  <div class='ocr_page' id='page_1' title='image "./devitaetscriptis00carruoft_0060.png"; bbox 0 0 1945 3256; ppageno 0'>
   <div class='ocr_carea' id='block_1_1' title="bbox 226 248 1257 284">
    <p class='ocr_par' dir='ltr' id='par_1_1' title="bbox 226 248 1257 284">
     <span class='ocr_line' id='line_1_1' title="bbox 226 248 1257 284; baseline 0.002 -2"><span class='ocrx_word' id='word_1_1' title='bbox 226 249 265 282; x_wconf 71' lang='lat'>42</span> <span class='ocrx_word' id='word_1_2' title='bbox 782 248 839 282; x_wconf 87' lang='lat' dir='ltr'>DE</span> <span class='ocrx_word' id='word_1_3' title='bbox 863 250 960 283; x_wconf 82' lang='lat' dir='ltr'><strong>VITA</strong></span> <span class='ocrx_word' id='word_1_4' title='bbox 983 251 1035 282; x_wconf 88' lang='lat' dir='ltr'>ET</span> <span class='ocrx_word' id='word_1_5' title='bbox 1060 250 1257 284; x_wconf 67' lang='lat' dir='ltr'>Ssllztp&#39;ris,</span> 
     </span>
    </p>
   </div>
   <div class='ocr_carea' id='block_1_2' title="bbox 227 328 1818 431">
    <p class='ocr_par' dir='ltr' id='par_1_2' title="bbox 227 328 1818 431">
     <span class='ocr_line' id='line_1_2' title="bbox 227 328 1818 382; baseline 0.004 -16"><span class='ocrx_word' id='word_1_6' title='bbox 227 328 424 367; x_wconf 82' lang='lat' dir='ltr'>exundati</span> <span class='ocrx_word' id='word_1_7' title='bbox 451 328 673 367; x_wconf 84' lang='lat' dir='ltr'>verborum</span> <span class='ocrx_word' id='word_1_8' title='bbox 701 328 953 379; x_wconf 82' lang='lat' dir='ltr'>profluentia</span> <span class='ocrx_word' id='word_1_9' title='bbox 980 334 1019 369; x_wconf 88' lang='lat' dir='ltr'>et</span> <span class='ocrx_word' id='word_1_10' title='bbox 1047 330 1344 382; x_wconf 86' lang='lat' dir='ltr'>mythologicis</span> <span class='ocrx_word' id='word_1_11' title='bbox 1375 330 1629 381; x_wconf 81' lang='lat' dir='ltr'>imaginihus</span> <span class='ocrx_word' id='word_1_12' title='bbox 1655 331 1818 372; x_wconf 85' lang='lat' dir='ltr'>vitiavit</span> 
     </span>
     <span class='ocr_line' id='line_1_3' title="bbox 227 391 456 431; baseline 0.009 -2"><span class='ocrx_word' id='word_1_13' title='bbox 227 401 274 430; x_wconf 88' lang='lat' dir='ltr'>ac</span> <span class='ocrx_word' id='word_1_14' title='bbox 292 391 414 431; x_wconf 85' lang='lat' dir='ltr'><strong>diluit</strong></span> <span class='ocrx_word' id='word_1_15' title='bbox 430 391 456 430; x_wconf 88' lang='lat'>¹.</span> 
     </span>
    </p>
   </div>
   <div class='ocr_carea' id='block_1_3' title="bbox 611 495 1426 531">
    <p class='ocr_par' dir='ltr' id='par_1_3' title="bbox 611 495 1426 531">
     <span class='ocr_line' id='line_1_4' title="bbox 611 495 1426 531; baseline 0.001 -4"><span class='ocrx_word' id='word_1_16' title='bbox 611 495 683 528; x_wconf 86' lang='lat' dir='ltr'><strong>VII.</strong></span> <span class='ocrx_word' id='word_1_17' title='bbox 705 514 744 521; x_wconf 91' lang='lat'>—</span> <span class='ocrx_word' id='word_1_18' title='bbox 765 496 925 529; x_wconf 82' lang='lat' dir='ltr'>Carmina</span> <span class='ocrx_word' id='word_1_19' title='bbox 947 496 1109 531; x_wconf 87' lang='lat' dir='ltr'>Borbonii</span> <span class='ocrx_word' id='word_1_20' title='bbox 1131 497 1174 531; x_wconf 82' lang='lat' dir='ltr'>dc</span> <span class='ocrx_word' id='word_1_21' title='bbox 1195 507 1231 530; x_wconf 85' lang='lat' dir='ltr'>rc</span> <span class='ocrx_word' id='word_1_22' title='bbox 1253 496 1426 530; x_wconf 82' lang='lat' dir='ltr'>litteraria.</span> 
     </span>
    </p>
   </div>
   <div class='ocr_carea' id='block_1_4' title="bbox 218 594 1815 1336">
    <p class='ocr_par' dir='ltr' id='par_1_4' title="bbox 221 594 1815 1029">
     <span class='ocr_line' id='line_1_5' title="bbox 305 594 1815 655; baseline 0.001 -16"><span class='ocrx_word' id='word_1_23' title='bbox 305 602 619 653; x_wconf 78' lang='lat' dir='ltr'>Epigrammata</span> <span class='ocrx_word' id='word_1_24' title='bbox 647 594 806 653; x_wconf 82' lang='lat' dir='ltr'>aliquot</span> <span class='ocrx_word' id='word_1_25' title='bbox 833 604 1000 655; x_wconf 81' lang='lat' dir='ltr'>scripsit</span> <span class='ocrx_word' id='word_1_26' title='bbox 1028 605 1193 655; x_wconf 85' lang='lat' dir='ltr'>probris</span> <span class='ocrx_word' id='word_1_27' title='bbox 1220 607 1343 655; x_wconf 88' lang='lat' dir='ltr'>atquc</span> <span class='ocrx_word' id='word_1_28' title='bbox 1372 603 1664 642; x_wconf 76' lang='lat' dir='ltr'>maledicentia</span> <span class='ocrx_word' id='word_1_29' title='bbox 1692 603 1815 655; x_wconf 88' lang='lat' dir='ltr'>plena</span> 
     </span>
     <span class='ocr_line' id='line_1_6' title="bbox 226 664 1813 716; baseline 0 -14"><span class='ocrx_word' id='word_1_30' title='bbox 226 664 265 702; x_wconf 91' lang='lat' dir='ltr'>in</span> <span class='ocrx_word' id='word_1_31' title='bbox 301 664 452 715; x_wconf 81' lang='lat' dir='ltr'>quibus</span> <span class='ocrx_word' id='word_1_32' title='bbox 487 665 636 703; x_wconf 88' lang='lat' dir='ltr'>acriter</span> <span class='ocrx_word' id='word_1_33' title='bbox 670 665 896 704; x_wconf 80' lang='lat' dir='ltr'>insectatur</span> <span class='ocrx_word' id='word_1_34' title='bbox 922 666 1097 716; x_wconf 85' lang='lat' dir='ltr'>juvenes</span> <span class='ocrx_word' id='word_1_35' title='bbox 1130 666 1274 705; x_wconf 76' lang='lat' dir='ltr'>formae</span> <span class='ocrx_word' id='word_1_36' title='bbox 1316 677 1400 704; x_wconf 68' lang='lat' dir='ltr'>sua}</span> <span class='ocrx_word' id='word_1_37' title='bbox 1443 665 1652 716; x_wconf 89' lang='lat' dir='ltr'>impendio</span> <span class='ocrx_word' id='word_1_38' title='bbox 1687 665 1813 703; x_wconf 91' lang='lat' dir='ltr'>nimio</span> 
     </span>
     <span class='ocr_line' id='line_1_7' title="bbox 224 727 1814 779; baseline 0.001 -15"><span class='ocrx_word' id='word_1_39' title='bbox 224 727 502 776; x_wconf 65' lang='lat' dir='ltr'>indulgentes,</span> <span class='ocrx_word' id='word_1_40' title='bbox 521 727 649 765; x_wconf 80' lang='lat' dir='ltr'>bellos</span> <span class='ocrx_word' id='word_1_41' title='bbox 665 727 943 766; x_wconf 76' lang='lat' dir='ltr'>homunculos</span> <span class='ocrx_word' id='word_1_42' title='bbox 960 729 1029 779; x_wconf 90' lang='lat' dir='ltr'>qui</span> <span class='ocrx_word' id='word_1_43' title='bbox 1052 744 1066 764; x_wconf 85' lang='lat'>«</span> <span class='ocrx_word' id='word_1_44' title='bbox 1090 729 1288 766; x_wconf 78' lang='lat' dir='ltr'>blandula</span> <span class='ocrx_word' id='word_1_45' title='bbox 1307 728 1479 766; x_wconf 83' lang='lat' dir='ltr'>verbula</span> <span class='ocrx_word' id='word_1_46' title='bbox 1500 727 1694 766; x_wconf 84' lang='lat' dir='ltr'>foeminea</span> <span class='ocrx_word' id='word_1_47' title='bbox 1713 738 1814 766; x_wconf 86' lang='lat' dir='ltr'>voce</span> 
     </span>
     <span class='ocr_line' id='line_1_8' title="bbox 221 788 1814 841; baseline 0.001 -15"><span class='ocrx_word' id='word_1_48' title='bbox 221 788 400 828; x_wconf 82' lang='lat' dir='ltr'>fundunt</span> <span class='ocrx_word' id='word_1_49' title='bbox 421 792 460 828; x_wconf 89' lang='lat' dir='ltr'>et</span> <span class='ocrx_word' id='word_1_50' title='bbox 480 790 671 840; x_wconf 77' lang='lat' dir='ltr'>scalpunt</span> <span class='ocrx_word' id='word_1_51' title='bbox 692 790 871 829; x_wconf 87' lang='lat' dir='ltr'>molliter</span> <span class='ocrx_word' id='word_1_52' title='bbox 890 802 1028 840; x_wconf 84' lang='lat' dir='ltr'>ungue</span> <span class='ocrx_word' id='word_1_53' title='bbox 1044 794 1169 841; x_wconf 85' lang='lat' dir='ltr'>caput</span> <span class='ocrx_word' id='word_1_54' title='bbox 1189 805 1223 837; x_wconf 83' lang='lat'>»,</span> <span class='ocrx_word' id='word_1_55' title='bbox 1242 802 1345 828; x_wconf 85' lang='lat' dir='ltr'>anus</span> <span class='ocrx_word' id='word_1_56' title='bbox 1364 790 1642 836; x_wconf 75' lang='lat' dir='ltr'>lascivientes,</span> <span class='ocrx_word' id='word_1_57' title='bbox 1662 800 1814 827; x_wconf 86' lang='lat' dir='ltr'>avaros</span> 
     </span>
     <span class='ocr_line' id='line_1_9' title="bbox 223 850 1814 904; baseline 0 -16"><span class='ocrx_word' id='word_1_58' title='bbox 223 862 354 897; x_wconf 81' lang='lat' dir='ltr'>senes,</span> <span class='ocrx_word' id='word_1_59' title='bbox 373 850 563 890; x_wconf 89' lang='lat' dir='ltr'>homines</span> <span class='ocrx_word' id='word_1_60' title='bbox 586 853 846 904; x_wconf 89' lang='lat' dir='ltr'>importunos</span> <span class='ocrx_word' id='word_1_61' title='bbox 870 864 916 891; x_wconf 89' lang='lat' dir='ltr'>ac</span> <span class='ocrx_word' id='word_1_62' title='bbox 937 857 1100 904; x_wconf 87' lang='lat' dir='ltr'>petaces</span> <span class='ocrx_word' id='word_1_63' title='bbox 1122 853 1357 903; x_wconf 89' lang='lat' dir='ltr'>multosque</span> <span class='ocrx_word' id='word_1_64' title='bbox 1385 853 1488 890; x_wconf 88' lang='lat' dir='ltr'>alios</span> <span class='ocrx_word' id='word_1_65' title='bbox 1516 863 1620 902; x_wconf 89' lang='lat' dir='ltr'>quos</span> <span class='ocrx_word' id='word_1_66' title='bbox 1648 851 1814 901; x_wconf 86' lang='lat' dir='ltr'>longius</span> 
     </span>
     <span class='ocr_line' id='line_1_10' title="bbox 222 913 1814 967; baseline 0.001 -17"><span class='ocrx_word' id='word_1_67' title='bbox 222 913 358 951; x_wconf 85' lang='lat' dir='ltr'>dicere</span> <span class='ocrx_word' id='word_1_68' title='bbox 373 917 494 952; x_wconf 88' lang='lat' dir='ltr'>esset.</span> <span class='ocrx_word' id='word_1_69' title='bbox 514 914 593 953; x_wconf 89' lang='lat' dir='ltr'>Sed</span> <span class='ocrx_word' id='word_1_70' title='bbox 608 926 746 953; x_wconf 89' lang='lat' dir='ltr'>mores</span> <span class='ocrx_word' id='word_1_71' title='bbox 761 916 823 953; x_wconf 91' lang='lat' dir='ltr'>sui</span> <span class='ocrx_word' id='word_1_72' title='bbox 841 916 1041 967; x_wconf 87' lang='lat' dir='ltr'>temporis</span> <span class='ocrx_word' id='word_1_73' title='bbox 1055 914 1321 966; x_wconf 88' lang='lat' dir='ltr'>proscindere</span> <span class='ocrx_word' id='word_1_74' title='bbox 1336 914 1438 952; x_wconf 89' lang='lat' dir='ltr'>mihi</span> <span class='ocrx_word' id='word_1_75' title='bbox 1456 914 1622 952; x_wconf 90' lang='lat' dir='ltr'>videtur</span> <span class='ocrx_word' id='word_1_76' title='bbox 1639 925 1690 951; x_wconf 81' lang='lat' dir='ltr'>ex</span> <span class='ocrx_word' id='word_1_77' title='bbox 1704 916 1814 952; x_wconf 90' lang='lat' dir='ltr'>vete-</span> 
     </span>
     <span class='ocr_line' id='line_1_11' title="bbox 221 976 1473 1029; baseline 0.001 -17"><span class='ocrx_word' id='word_1_78' title='bbox 221 987 312 1013; x_wconf 88' lang='lat' dir='ltr'>rum</span> <span class='ocrx_word' id='word_1_79' title='bbox 342 976 576 1015; x_wconf 84' lang='lat' dir='ltr'>imitatione</span> <span class='ocrx_word' id='word_1_80' title='bbox 597 977 736 1027; x_wconf 86' lang='lat' dir='ltr'>potius</span> <span class='ocrx_word' id='word_1_81' title='bbox 758 990 883 1028; x_wconf 86' lang='lat' dir='ltr'>quam</span> <span class='ocrx_word' id='word_1_82' title='bbox 906 990 956 1016; x_wconf 82' lang='lat' dir='ltr'>ex</span> <span class='ocrx_word' id='word_1_83' title='bbox 976 978 1148 1029; x_wconf 85' lang='lat' dir='ltr'>propria</span> <span class='ocrx_word' id='word_1_84' title='bbox 1170 976 1473 1026; x_wconf 83' lang='lat' dir='ltr'>indignatione.</span> 
     </span>
    </p>

    <p class='ocr_par' dir='ltr' id='par_1_5' title="bbox 218 1037 1814 1336">
     <span class='ocr_line' id='line_1_12' title="bbox 299 1037 1814 1090; baseline 0.001 -16"><span class='ocrx_word' id='word_1_85' title='bbox 299 1037 416 1076; x_wconf 89' lang='lat' dir='ltr'>Hunc</span> <span class='ocrx_word' id='word_1_86' title='bbox 437 1042 576 1076; x_wconf 89' lang='lat' dir='ltr'>tamen</span> <span class='ocrx_word' id='word_1_87' title='bbox 599 1038 736 1077; x_wconf 86' lang='lat' dir='ltr'>rabies</span> <span class='ocrx_word' id='word_1_88' title='bbox 755 1040 963 1090; x_wconf 52' lang='lat' dir='ltr'>quaedam,</span> <span class='ocrx_word' id='word_1_89' title='bbox 981 1051 1063 1078; x_wconf 89' lang='lat' dir='ltr'>non</span> <span class='ocrx_word' id='word_1_90' title='bbox 1085 1039 1319 1090; x_wconf 86' lang='lat' dir='ltr'>composita</span> <span class='ocrx_word' id='word_1_91' title='bbox 1340 1038 1522 1089; x_wconf 86' lang='lat' dir='ltr'>quidem,</span> <span class='ocrx_word' id='word_1_92' title='bbox 1541 1038 1611 1075; x_wconf 90' lang='lat' dir='ltr'>sed</span> <span class='ocrx_word' id='word_1_93' title='bbox 1631 1037 1814 1087; x_wconf 84' lang='lat' dir='ltr'>genuina</span> 
     </span>
     <span class='ocr_line' id='line_1_13' title="bbox 219 1100 1810 1154; baseline 0 -17"><span class='ocrx_word' id='word_1_94' title='bbox 219 1102 259 1138; x_wconf 86' lang='lat' dir='ltr'>et</span> <span class='ocrx_word' id='word_1_95' title='bbox 296 1100 520 1150; x_wconf 80' lang='lat' dir='ltr'>peculiaris</span> <span class='ocrx_word' id='word_1_96' title='bbox 559 1100 720 1140; x_wconf 79' lang='lat' dir='ltr'>invehit</span> <span class='ocrx_word' id='word_1_97' title='bbox 759 1102 799 1140; x_wconf 90' lang='lat' dir='ltr'>in</span> <span class='ocrx_word' id='word_1_98' title='bbox 839 1102 1036 1154; x_wconf 80' lang='lat' dir='ltr'>plagosos</span> <span class='ocrx_word' id='word_1_99' title='bbox 1082 1105 1206 1152; x_wconf 88' lang='lat' dir='ltr'>atque</span> <span class='ocrx_word' id='word_1_100' title='bbox 1252 1101 1488 1139; x_wconf 79' lang='lat' dir='ltr'>illitteratos</span> <span class='ocrx_word' id='word_1_101' title='bbox 1532 1100 1810 1151; x_wconf 72' lang='lat' dir='ltr'>paedagog083</span> 
     </span>
     <span class='ocr_line' id='line_1_14' title="bbox 223 1161 1812 1215; baseline 0.001 -17"><span class='ocrx_word' id='word_1_102' title='bbox 223 1176 236 1197; x_wconf 87' lang='lat'>«</span> <span class='ocrx_word' id='word_1_103' title='bbox 266 1162 512 1213; x_wconf 81' lang='lat' dir='ltr'>impostores</span> <span class='ocrx_word' id='word_1_104' title='bbox 534 1163 762 1202; x_wconf 87' lang='lat' dir='ltr'>monachos</span> <span class='ocrx_word' id='word_1_105' title='bbox 783 1167 1008 1215; x_wconf 84' lang='lat' dir='ltr'>turpesque</span> <span class='ocrx_word' id='word_1_106' title='bbox 1026 1164 1209 1203; x_wconf 89' lang='lat' dir='ltr'>cucullos</span> <span class='ocrx_word' id='word_1_107' title='bbox 1230 1180 1263 1211; x_wconf 72' lang='lat' dir='ltr'>n,</span> <span class='ocrx_word' id='word_1_108' title='bbox 1281 1163 1431 1201; x_wconf 84' lang='lat' dir='ltr'>sciolos</span> <span class='ocrx_word' id='word_1_109' title='bbox 1452 1174 1499 1200; x_wconf 90' lang='lat' dir='ltr'>ac</span> <span class='ocrx_word' id='word_1_110' title='bbox 1514 1161 1812 1212; x_wconf 85' lang='lat' dir='ltr'>jactitanculos</span> 
     </span>
     <span class='ocr_line' id='line_1_15' title="bbox 220 1222 1812 1278; baseline -0.001 -17"><span class='ocrx_word' id='word_1_111' title='bbox 220 1224 423 1274; x_wconf 86' lang='lat' dir='ltr'>quosdam</span> <span class='ocrx_word' id='word_1_112' title='bbox 444 1228 589 1276; x_wconf 91' lang='lat' dir='ltr'>poetas</span> <span class='ocrx_word' id='word_1_113' title='bbox 613 1226 682 1277; x_wconf 92' lang='lat' dir='ltr'>qui</span> <span class='ocrx_word' id='word_1_114' title='bbox 699 1227 834 1266; x_wconf 85' lang='lat' dir='ltr'>aliena</span> <span class='ocrx_word' id='word_1_115' title='bbox 853 1227 1038 1265; x_wconf 86' lang='lat' dir='ltr'>carmina</span> <span class='ocrx_word' id='word_1_116' title='bbox 1052 1227 1180 1276; x_wconf 88' lang='lat' dir='ltr'>vulgo</span> <span class='ocrx_word' id='word_1_117' title='bbox 1200 1237 1276 1278; x_wconf 91' lang='lat' dir='ltr'>pro</span> <span class='ocrx_word' id='word_1_118' title='bbox 1292 1225 1377 1263; x_wconf 88' lang='lat' dir='ltr'>suis</span> <span class='ocrx_word' id='word_1_119' title='bbox 1399 1227 1624 1263; x_wconf 85' lang='lat' dir='ltr'>ostentant.</span> <span class='ocrx_word' id='word_1_120' title='bbox 1642 1222 1812 1260; x_wconf 90' lang='lat' dir='ltr'>—Illud</span> 
     </span>
     <span class='ocr_line' id='line_1_16' title="bbox 218 1285 1809 1336; baseline -0.001 -12"><span class='ocrx_word' id='word_1_121' title='bbox 218 1297 316 1325; x_wconf 89' lang='lat' dir='ltr'>vero</span> <span class='ocrx_word' id='word_1_122' title='bbox 331 1288 560 1326; x_wconf 87' lang='lat' dir='ltr'>notandum</span> <span class='ocrx_word' id='word_1_123' title='bbox 573 1292 633 1327; x_wconf 88' lang='lat' dir='ltr'>est</span> <span class='ocrx_word' id='word_1_124' title='bbox 649 1289 919 1336; x_wconf 83' lang='lat' dir='ltr'>Borhonium‚</span> <span class='ocrx_word' id='word_1_125' title='bbox 933 1290 973 1328; x_wconf 89' lang='lat' dir='ltr'>in</span> <span class='ocrx_word' id='word_1_126' title='bbox 993 1288 1058 1327; x_wconf 93' lang='lat' dir='ltr'>his</span> <span class='ocrx_word' id='word_1_127' title='bbox 1075 1288 1310 1334; x_wconf 83' lang='lat' dir='ltr'>illudendiS,</span> <span class='ocrx_word' id='word_1_128' title='bbox 1322 1287 1432 1325; x_wconf 90' lang='lat' dir='ltr'>veris</span> <span class='ocrx_word' id='word_1_129' title='bbox 1445 1298 1540 1324; x_wconf 86' lang='lat' dir='ltr'>raro</span> <span class='ocrx_word' id='word_1_130' title='bbox 1556 1285 1809 1332; x_wconf 87' lang='lat' dir='ltr'>nominibus,</span> 
     </span>
    </p>
   </div>
   <div class='ocr_carea' id='block_1_5' title="bbox 216 1349 1811 1590">
    <p class='ocr_par' dir='ltr' id='par_1_6' title="bbox 217 1349 985 1401">
     <span class='ocr_line' id='line_1_17' title="bbox 217 1349 985 1401; baseline 0.004 -15"><span class='ocrx_word' id='word_1_131' title='bbox 217 1349 288 1387; x_wconf 89' lang='lat' dir='ltr'>sed</span> <span class='ocrx_word' id='word_1_132' title='bbox 308 1349 553 1401; x_wconf 86' lang='lat' dir='ltr'>plerumque</span> <span class='ocrx_word' id='word_1_133' title='bbox 574 1350 680 1389; x_wconf 84' lang='lat' dir='ltr'>fictis</span> <span class='ocrx_word' id='word_1_134' title='bbox 701 1364 822 1390; x_wconf 87' lang='lat' dir='ltr'>usum</span> <span class='ocrx_word' id='word_1_135' title='bbox 844 1352 985 1389; x_wconf 86' lang='lat' dir='ltr'>fuisse.</span> 
     </span>
    </p>

    <p class='ocr_par' dir='ltr' id='par_1_7' title="bbox 216 1410 1811 1590">
     <span class='ocr_line' id='line_1_18' title="bbox 296 1410 1810 1464; baseline -0.001 -16"><span class='ocrx_word' id='word_1_136' title='bbox 296 1410 593 1451; x_wconf 85' lang='lat' dir='ltr'>Charidemum</span> <span class='ocrx_word' id='word_1_137' title='bbox 627 1414 850 1464; x_wconf 86' lang='lat' dir='ltr'>quemdam</span> <span class='ocrx_word' id='word_1_138' title='bbox 884 1413 1075 1464; x_wconf 83' lang='lat' dir='ltr'>inprimis</span> <span class='ocrx_word' id='word_1_139' title='bbox 1118 1413 1281 1463; x_wconf 87' lang='lat' dir='ltr'>impetit</span> <span class='ocrx_word' id='word_1_140' title='bbox 1320 1411 1649 1455; x_wconf 88' lang='lat' dir='ltr'>mordacissime,</span> <span class='ocrx_word' id='word_1_141' title='bbox 1687 1420 1810 1460; x_wconf 89' lang='lat' dir='ltr'>quem</span> 
     </span>
     <span class='ocr_line' id='line_1_19' title="bbox 221 1471 1811 1525; baseline 0 -17"><span class='ocrx_word' id='word_1_142' title='bbox 221 1487 235 1507; x_wconf 73' lang='grc' dir='ltr'><strong>α</strong></span> <span class='ocrx_word' id='word_1_143' title='bbox 261 1472 478 1523; x_wconf 86' lang='lat' dir='ltr'>loquacem</span> <span class='ocrx_word' id='word_1_144' title='bbox 500 1477 540 1512; x_wconf 89' lang='lat' dir='ltr'>et</span> <span class='ocrx_word' id='word_1_145' title='bbox 560 1474 834 1514; x_wconf 87' lang='lat' dir='ltr'>litteratorem</span> <span class='ocrx_word' id='word_1_146' title='bbox 857 1475 1095 1525; x_wconf 82' lang='lat' dir='ltr'>improbum</span> <span class='ocrx_word' id='word_1_147' title='bbox 1117 1477 1346 1525; x_wconf 84' lang='lat' dir='ltr'>nuncupat,</span> <span class='ocrx_word' id='word_1_148' title='bbox 1370 1472 1619 1511; x_wconf 86' lang='lat' dir='ltr'>histrionem</span> <span class='ocrx_word' id='word_1_149' title='bbox 1646 1471 1811 1523; x_wconf 89' lang='lat' dir='ltr'>nequis-</span> 
     </span>
     <span class='ocr_line' id='line_1_20' title="bbox 216 1533 1620 1590; baseline -0.001 -17"><span class='ocrx_word' id='word_1_150' title='bbox 216 1535 384 1583; x_wconf 82' lang='lat' dir='ltr'>simum,</span> <span class='ocrx_word' id='word_1_151' title='bbox 409 1535 581 1587; x_wconf 82' lang='lat' dir='ltr'>dignum</span> <span class='ocrx_word' id='word_1_152' title='bbox 604 1537 758 1590; x_wconf 85' lang='lat' dir='ltr'>patella</span> <span class='ocrx_word' id='word_1_153' title='bbox 779 1538 1023 1590; x_wconf 83' lang='lat' dir='ltr'>operculum</span> <span class='ocrx_word' id='word_1_154' title='bbox 1039 1538 1051 1558; x_wconf 67' lang='lat'><strong>2</strong></span> <span class='ocrx_word' id='word_1_155' title='bbox 1080 1552 1094 1572; x_wconf 89' lang='lat'>»</span> <span class='ocrx_word' id='word_1_156' title='bbox 1121 1540 1159 1575; x_wconf 87' lang='lat' dir='ltr'>et</span> <span class='ocrx_word' id='word_1_157' title='bbox 1181 1548 1302 1587; x_wconf 88' lang='lat' dir='ltr'>quem</span> <span class='ocrx_word' id='word_1_158' title='bbox 1326 1536 1384 1574; x_wconf 85' lang='lat' dir='ltr'>ita</span> <span class='ocrx_word' id='word_1_159' title='bbox 1403 1533 1591 1573; x_wconf 82' lang='lat' dir='ltr'>ludificat</span> <span class='ocrx_word' id='word_1_160' title='bbox 1613 1547 1620 1572; x_wconf 89' lang='lat'>:</span> 
     </span>
    </p>
   </div>
   <div class='ocr_carea' id='block_1_6' title="bbox 586 1642 1436 1829">
    <p class='ocr_par' dir='ltr' id='par_1_8' title="bbox 586 1642 1436 1780">
     <span class='ocr_line' id='line_1_21' title="bbox 586 1642 1357 1683; baseline -0.003 -8"><span class='ocrx_word' id='word_1_161' title='bbox 586 1642 746 1676; x_wconf 58' lang='lat' dir='ltr'>Stultitia*r</span> <span class='ocrx_word' id='word_1_162' title='bbox 767 1643 829 1683; x_wconf 82' lang='lat' dir='ltr'>fili,</span> <span class='ocrx_word' id='word_1_163' title='bbox 851 1642 1019 1676; x_wconf 56' lang='lat' dir='ltr'>doctrinae</span> <span class='ocrx_word' id='word_1_164' title='bbox 1049 1642 1192 1681; x_wconf 87' lang='lat' dir='ltr'>nullius,</span> <span class='ocrx_word' id='word_1_165' title='bbox 1215 1642 1357 1678; x_wconf 79' lang='lat' dir='ltr'>offrons.</span> 
     </span>
     <span class='ocr_line' id='line_1_22' title="bbox 630 1689 1364 1730; baseline -0.005 -7"><span class='ocrx_word' id='word_1_166' title='bbox 630 1691 697 1723; x_wconf 88' lang='lat' dir='ltr'>Cur</span> <span class='ocrx_word' id='word_1_167' title='bbox 718 1690 819 1724; x_wconf 81' lang='lat' dir='ltr'>talem</span> <span class='ocrx_word' id='word_1_168' title='bbox 838 1692 922 1724; x_wconf 83' lang='lat' dir='ltr'>tanti</span> <span class='ocrx_word' id='word_1_169' title='bbox 944 1694 990 1730; x_wconf 87' lang='lat' dir='ltr'>te,</span> <span class='ocrx_word' id='word_1_170' title='bbox 1011 1689 1227 1728; x_wconf 78' lang='lat' dir='ltr'>Charideme,</span> <span class='ocrx_word' id='word_1_171' title='bbox 1251 1689 1332 1721; x_wconf 74' lang='lat' dir='ltr'>facis</span> <span class='ocrx_word' id='word_1_172' title='bbox 1348 1689 1364 1719; x_wconf 75' lang='lat' dir='ltr'>e!</span> 
     </span>
     <span class='ocr_line' id='line_1_23' title="bbox 588 1735 1436 1780; baseline -0.005 -10"><span class='ocrx_word' id='word_1_173' title='bbox 588 1739 681 1771; x_wconf 86' lang='lat' dir='ltr'>Inter</span> <span class='ocrx_word' id='word_1_174' title='bbox 703 1739 946 1780; x_wconf 76' lang='lat' dir='ltr'>grammaticos</span> <span class='ocrx_word' id='word_1_175' title='bbox 965 1739 1075 1780; x_wconf 82' lang='lat' dir='ltr'>jactas</span> <span class='ocrx_word' id='word_1_176' title='bbox 1097 1737 1235 1770; x_wconf 84' lang='lat' dir='ltr'>decreta</span> <span class='ocrx_word' id='word_1_177' title='bbox 1256 1735 1412 1768; x_wconf 83' lang='lat' dir='ltr'>Platonis</span> <span class='ocrx_word' id='word_1_178' title='bbox 1430 1746 1436 1766; x_wconf 92' lang='lat'>:</span> 
     </span>
    </p>

    <p class='ocr_par' dir='ltr' id='par_1_9' title="bbox 628 1783 1433 1829">
     <span class='ocr_line' id='line_1_24' title="bbox 628 1783 1433 1829; baseline -0.005 -11"><span class='ocrx_word' id='word_1_179' title='bbox 628 1785 661 1818; x_wconf 92' lang='lat' dir='ltr'>Si</span> <span class='ocrx_word' id='word_1_180' title='bbox 683 1785 779 1819; x_wconf 82' lang='lat' dir='ltr'>Plato</span> <span class='ocrx_word' id='word_1_181' title='bbox 801 1789 989 1829; x_wconf 73' lang='lat' dir='ltr'>qtiaeratur,</span> <span class='ocrx_word' id='word_1_182' title='bbox 1012 1785 1052 1818; x_wconf 77' lang='lat' dir='ltr'>iis</span> <span class='ocrx_word' id='word_1_183' title='bbox 1075 1785 1141 1818; x_wconf 88' lang='lat' dir='ltr'>cito</span> <span class='ocrx_word' id='word_1_184' title='bbox 1162 1783 1408 1826; x_wconf 78' lang='lat' dir='ltr'>grammaticus</span> <span class='ocrx_word' id='word_1_185' title='bbox 1426 1795 1433 1815; x_wconf 75' lang='grc' dir='ltr'><strong><em>ε</em></strong></span> 
     </span>
    </p>
   </div>
   <div class='ocr_carea' id='block_1_7' title="bbox 214 1883 1806 1976">
    <p class='ocr_par' dir='ltr' id='par_1_10' title="bbox 214 1883 1806 1976">
     <span class='ocr_line' id='line_1_25' title="bbox 278 1883 1806 1930; baseline 0 -14"><span class='ocrx_word' id='word_1_186' title='bbox 278 1887 306 1916; x_wconf 78' lang='grc'>1.</span> <span class='ocrx_word' id='word_1_187' title='bbox 329 1885 362 1917; x_wconf 89' lang='lat' dir='ltr'>Si</span> <span class='ocrx_word' id='word_1_188' title='bbox 391 1886 478 1917; x_wconf 89' lang='lat' dir='ltr'>scire</span> <span class='ocrx_word' id='word_1_189' title='bbox 502 1886 589 1919; x_wconf 82' lang='lat' dir='ltr'>velis</span> <span class='ocrx_word' id='word_1_190' title='bbox 610 1887 787 1930; x_wconf 79' lang='lat' dir='ltr'>quomodo</span> <span class='ocrx_word' id='word_1_191' title='bbox 813 1888 1000 1929; x_wconf 81' lang='lat' dir='ltr'>elegiacum</span> <span class='ocrx_word' id='word_1_192' title='bbox 1032 1896 1142 1929; x_wconf 83' lang='lat' dir='ltr'>genus</span> <span class='ocrx_word' id='word_1_193' title='bbox 1169 1885 1376 1923; x_wconf 84' lang='lat' dir='ltr'>tractaverit,</span> <span class='ocrx_word' id='word_1_194' title='bbox 1407 1883 1467 1917; x_wconf 85' lang='lat' dir='ltr'>tibi</span> <span class='ocrx_word' id='word_1_195' title='bbox 1491 1884 1534 1917; x_wconf 86' lang='lat' dir='ltr'>sit</span> <span class='ocrx_word' id='word_1_196' title='bbox 1555 1883 1806 1917; x_wconf 85' lang='lat' dir='ltr'>documentum</span> 
     </span>
     <span class='ocr_line' id='line_1_26' title="bbox 214 1931 987 1976; baseline 0.005 -13"><span class='ocrx_word' id='word_1_197' title='bbox 214 1940 353 1964; x_wconf 84' lang='lat' dir='ltr'>carmen</span> <span class='ocrx_word' id='word_1_198' title='bbox 374 1931 416 1965; x_wconf 90' lang='lat' dir='ltr'>de</span> <span class='ocrx_word' id='word_1_199' title='bbox 439 1931 534 1966; x_wconf 86' lang='lat' dir='ltr'>obitu</span> <span class='ocrx_word' id='word_1_200' title='bbox 558 1933 662 1966; x_wconf 85' lang='lat' dir='ltr'>Samii</span> <span class='ocrx_word' id='word_1_201' title='bbox 686 1935 817 1976; x_wconf 69' lang='lat' dir='ltr'>(Naqae,</span> <span class='ocrx_word' id='word_1_202' title='bbox 841 1935 899 1972; x_wconf 90' lang='lat'>111,</span> <span class='ocrx_word' id='word_1_203' title='bbox 923 1936 987 1975; x_wconf 66' lang='lat'>42).</span> 
     </span>
    </p>
   </div>
   <div class='ocr_carea' id='block_1_8' title="bbox 511 2029 1346 3017">
    <p class='ocr_par' dir='ltr' id='par_1_11' title="bbox 517 2029 1243 2108">
     <span class='ocr_line' id='line_1_27' title="bbox 517 2029 1243 2066; baseline -0.001 -11"><span class='ocrx_word' id='word_1_204' title='bbox 517 2029 626 2065; x_wconf 83' lang='lat' dir='ltr'>Cingite</span> <span class='ocrx_word' id='word_1_205' title='bbox 646 2031 767 2063; x_wconf 79' lang='lat' dir='ltr'>funesta,</span> <span class='ocrx_word' id='word_1_206' title='bbox 791 2031 886 2062; x_wconf 66' lang='lat' dir='ltr'>Musw,</span> <span class='ocrx_word' id='word_1_207' title='bbox 909 2032 954 2066; x_wconf 78' lang='lat' dir='ltr'>pia</span> <span class='ocrx_word' id='word_1_208' title='bbox 975 2032 1076 2066; x_wconf 72' lang='lat' dir='ltr'>templa</span> <span class='ocrx_word' id='word_1_209' title='bbox 1097 2039 1243 2065; x_wconf 69' lang='lat' dir='ltr'>cupi-csso,</span> 
     </span>
     <span class='ocr_line' id='line_1_28' title="bbox 555 2071 1161 2108; baseline 0.002 -11"><span class='ocrx_word' id='word_1_210' title='bbox 555 2071 664 2106; x_wconf 77' lang='lat' dir='ltr'>Cingite</span> <span class='ocrx_word' id='word_1_211' title='bbox 684 2073 789 2107; x_wconf 79' lang='lat' dir='ltr'>pullato</span> <span class='ocrx_word' id='word_1_212' title='bbox 810 2073 931 2108; x_wconf 67' lang='lat' dir='ltr'>tegmine</span> <span class='ocrx_word' id='word_1_213' title='bbox 952 2073 1031 2099; x_wconf 71' lang='lat' dir='ltr'>triste</span> <span class='ocrx_word' id='word_1_214' title='bbox 1051 2076 1133 2107; x_wconf 83' lang='lat' dir='ltr'>caput</span> <span class='ocrx_word' id='word_1_215' title='bbox 1155 2080 1161 2098; x_wconf 78' lang='lat'>2</span> 
     </span>
    </p>

    <p class='ocr_par' dir='ltr' id='par_1_12' title="bbox 515 2111 1346 2190">
     <span class='ocr_line' id='line_1_29' title="bbox 515 2111 1346 2148; baseline -0.002 -11"><span class='ocrx_word' id='word_1_216' title='bbox 515 2111 576 2138; x_wconf 77' lang='lat' dir='ltr'>Non</span> <span class='ocrx_word' id='word_1_217' title='bbox 597 2113 651 2138; x_wconf 69' lang='lat' dir='ltr'>nisi</span> <span class='ocrx_word' id='word_1_218' title='bbox 670 2113 804 2148; x_wconf 68' lang='lat' dir='ltr'>lugubres</span> <span class='ocrx_word' id='word_1_219' title='bbox 824 2114 945 2140; x_wconf 75' lang='lat' dir='ltr'>referant</span> <span class='ocrx_word' id='word_1_220' title='bbox 966 2113 1047 2139; x_wconf 89' lang='lat' dir='ltr'>modo</span> <span class='ocrx_word' id='word_1_221' title='bbox 1066 2114 1170 2148; x_wconf 76' lang='lat' dir='ltr'>plectra</span> <span class='ocrx_word' id='word_1_222' title='bbox 1192 2112 1346 2142; x_wconf 63' lang='lat' dir='ltr'>Gammnas,</span> 
     </span>
     <span class='ocr_line' id='line_1_30' title="bbox 550 2154 1195 2190; baseline 0.002 -11"><span class='ocrx_word' id='word_1_223' title='bbox 550 2154 658 2180; x_wconf 76' lang='lat' dir='ltr'>Defluat</span> <span class='ocrx_word' id='word_1_224' title='bbox 679 2155 706 2180; x_wconf 89' lang='lat' dir='ltr'>in</span> <span class='ocrx_word' id='word_1_225' title='bbox 727 2164 821 2182; x_wconf 82' lang='lat' dir='ltr'>sacros</span> <span class='ocrx_word' id='word_1_226' title='bbox 842 2159 934 2181; x_wconf 70' lang='lat' dir='ltr'>vestra</span> <span class='ocrx_word' id='word_1_227' title='bbox 955 2156 1069 2190; x_wconf 70' lang='lat' dir='ltr'>querela</span> <span class='ocrx_word' id='word_1_228' title='bbox 1089 2155 1167 2181; x_wconf 74' lang='lat' dir='ltr'>sinus</span> <span class='ocrx_word' id='word_1_229' title='bbox 1191 2163 1195 2180; x_wconf 95' lang='lat'>:</span> 
     </span>
    </p>

    <p class='ocr_par' dir='ltr' id='par_1_13' title="bbox 521 2196 1242 2264">
     <span class='ocr_line' id='line_1_31' title="bbox 521 2196 1242 2232; baseline -0.001 -11"><span class='ocrx_word' id='word_1_230' title='bbox 521 2196 598 2221; x_wconf 81' lang='lat' dir='ltr'>Atria</span> <span class='ocrx_word' id='word_1_231' title='bbox 617 2196 778 2222; x_wconf 77' lang='lat' dir='ltr'>sordescant</span> <span class='ocrx_word' id='word_1_232' title='bbox 799 2196 944 2232; x_wconf 80' lang='lat' dir='ltr'>hijugique</span> <span class='ocrx_word' id='word_1_233' title='bbox 965 2197 1108 2223; x_wconf 79' lang='lat' dir='ltr'>cacumina</span> <span class='ocrx_word' id='word_1_234' title='bbox 1130 2196 1242 2226; x_wconf 73' lang='lat' dir='ltr'>montis,</span> 
     </span>
     <span class='ocr_line' id='line_1_32' title="bbox 551 2237 1132 2264; baseline 0.002 -2"><span class='ocrx_word' id='word_1_235' title='bbox 551 2237 592 2263; x_wconf 78' lang='lat' dir='ltr'>Ad</span> <span class='ocrx_word' id='word_1_236' title='bbox 613 2237 670 2263; x_wconf 74' lang='lat' dir='ltr'>sera</span> <span class='ocrx_word' id='word_1_237' title='bbox 690 2238 815 2264; x_wconf 79' lang='lat' dir='ltr'>discissis</span> <span class='ocrx_word' id='word_1_238' title='bbox 836 2239 940 2264; x_wconf 80' lang='lat' dir='ltr'>currite</span> <span class='ocrx_word' id='word_1_239' title='bbox 961 2238 1014 2264; x_wconf 77' lang='lat' dir='ltr'>sata</span> <span class='ocrx_word' id='word_1_240' title='bbox 1035 2238 1132 2263; x_wconf 75' lang='lat' dir='ltr'>comis.</span> 
     </span>
    </p>

    <p class='ocr_par' dir='ltr' id='par_1_14' title="bbox 513 2278 1244 2355">
     <span class='ocr_line' id='line_1_33' title="bbox 513 2278 1244 2314; baseline -0.001 -10"><span class='ocrx_word' id='word_1_241' title='bbox 513 2278 605 2309; x_wconf 74' lang='lat' dir='ltr'>Adsis,</span> <span class='ocrx_word' id='word_1_242' title='bbox 628 2278 810 2313; x_wconf 77' lang='lat' dir='ltr'>Melpomene,</span> <span class='ocrx_word' id='word_1_243' title='bbox 832 2280 963 2314; x_wconf 70' lang='lat' dir='ltr'>lacrymis</span> <span class='ocrx_word' id='word_1_244' title='bbox 985 2279 1089 2305; x_wconf 78' lang='lat' dir='ltr'>suffusa</span> <span class='ocrx_word' id='word_1_245' title='bbox 1111 2279 1244 2307; x_wconf 69' lang='lat' dir='ltr'>crumnis,</span> 
     </span>
     <span class='ocr_line' id='line_1_34' title="bbox 548 2318 1220 2355; baseline 0.003 -11"><span class='ocrx_word' id='word_1_246' title='bbox 548 2318 580 2344; x_wconf 83' lang='lat' dir='ltr'>Et</span> <span class='ocrx_word' id='word_1_247' title='bbox 600 2320 738 2354; x_wconf 74' lang='lat' dir='ltr'>tragicum</span> <span class='ocrx_word' id='word_1_248' title='bbox 760 2320 878 2355; x_wconf 81' lang='lat' dir='ltr'>querulo</span> <span class='ocrx_word' id='word_1_249' title='bbox 897 2324 1011 2355; x_wconf 76' lang='lat' dir='ltr'>gutture</span> <span class='ocrx_word' id='word_1_250' title='bbox 1031 2328 1144 2346; x_wconf 66' lang='lat' dir='ltr'>carmon</span> <span class='ocrx_word' id='word_1_251' title='bbox 1165 2323 1220 2346; x_wconf 78' lang='lat' dir='ltr'>cat.</span> 
     </span>
    </p>

    <p class='ocr_par' dir='ltr' id='par_1_15' title="bbox 514 2359 1294 2437">
     <span class='ocr_line' id='line_1_35' title="bbox 514 2359 1294 2396; baseline 0.001 -11"><span class='ocrx_word' id='word_1_252' title='bbox 514 2359 573 2385; x_wconf 90' lang='lat' dir='ltr'>llnc</span> <span class='ocrx_word' id='word_1_253' title='bbox 594 2369 712 2395; x_wconf 84' lang='lat' dir='ltr'>propera</span> <span class='ocrx_word' id='word_1_254' title='bbox 733 2364 830 2388; x_wconf 71' lang='lat' dir='ltr'>maesto</span> <span class='ocrx_word' id='word_1_255' title='bbox 851 2362 977 2387; x_wconf 61' lang='lat' dir='ltr'>lacerans</span> <span class='ocrx_word' id='word_1_256' title='bbox 998 2362 1151 2396; x_wconf 54' lang='lat' dir='ltr'>pram-ordia</span> <span class='ocrx_word' id='word_1_257' title='bbox 1171 2361 1294 2395; x_wconf 70' lang='lat' dir='ltr'>planctu,</span> 
     </span>
     <span class='ocr_line' id='line_1_36' title="bbox 550 2401 1219 2437; baseline 0 -10"><span class='ocrx_word' id='word_1_258' title='bbox 550 2401 658 2436; x_wconf 81' lang='lat' dir='ltr'>Rumpe</span> <span class='ocrx_word' id='word_1_259' title='bbox 679 2402 748 2429; x_wconf 76' lang='lat' dir='ltr'>fides</span> <span class='ocrx_word' id='word_1_260' title='bbox 769 2403 893 2435; x_wconf 75' lang='lat' dir='ltr'>citharar,</span> <span class='ocrx_word' id='word_1_261' title='bbox 916 2403 1003 2429; x_wconf 81' lang='lat' dir='ltr'>tristis</span> <span class='ocrx_word' id='word_1_262' title='bbox 1026 2403 1131 2437; x_wconf 73' lang='lat' dir='ltr'>Apollo,</span> <span class='ocrx_word' id='word_1_263' title='bbox 1154 2406 1219 2428; x_wconf 72' lang='lat' dir='ltr'>tuw.</span> 
     </span>
    </p>

    <p class='ocr_par' dir='ltr' id='par_1_16' title="bbox 513 2443 1215 2520">
     <span class='ocr_line' id='line_1_37' title="bbox 513 2443 1149 2475; baseline 0.005 -8"><span class='ocrx_word' id='word_1_264' title='bbox 513 2443 649 2469; x_wconf 74' lang='lat' dir='ltr'>occubuit</span> <span class='ocrx_word' id='word_1_265' title='bbox 670 2447 762 2470; x_wconf 80' lang='lat' dir='ltr'>vester</span> <span class='ocrx_word' id='word_1_266' title='bbox 782 2444 904 2475; x_wconf 67' lang='lat' dir='ltr'>Samius,</span> <span class='ocrx_word' id='word_1_267' title='bbox 921 2444 1085 2470; x_wconf 79' lang='lat' dir='ltr'>mortalibus</span> <span class='ocrx_word' id='word_1_268' title='bbox 1105 2444 1149 2470; x_wconf 80' lang='lat' dir='ltr'>ille</span> 
     </span>
     <span class='ocr_line' id='line_1_38' title="bbox 550 2483 1215 2520; baseline 0 -11"><span class='ocrx_word' id='word_1_269' title='bbox 550 2483 582 2510; x_wconf 85' lang='lat' dir='ltr'>Et</span> <span class='ocrx_word' id='word_1_270' title='bbox 602 2484 717 2518; x_wconf 82' lang='lat' dir='ltr'>Superis</span> <span class='ocrx_word' id='word_1_271' title='bbox 737 2488 834 2520; x_wconf 81' lang='lat' dir='ltr'>gratus</span> <span class='ocrx_word' id='word_1_272' title='bbox 856 2493 861 2511; x_wconf 89' lang='lat'>:</span> <span class='ocrx_word' id='word_1_273' title='bbox 884 2489 976 2511; x_wconf 73' lang='lat' dir='ltr'>voster</span> <span class='ocrx_word' id='word_1_274' title='bbox 995 2486 1126 2512; x_wconf 81' lang='lat' dir='ltr'>alumnus</span> <span class='ocrx_word' id='word_1_275' title='bbox 1146 2487 1215 2511; x_wconf 76' lang='lat' dir='ltr'>crat.</span> 
     </span>
    </p>

    <p class='ocr_par' dir='ltr' id='par_1_17' title="bbox 513 2524 1196 2602">
     <span class='ocr_line' id='line_1_39' title="bbox 513 2524 1196 2562; baseline 0.007 -12"><span class='ocrx_word' id='word_1_276' title='bbox 513 2524 617 2551; x_wconf 84' lang='lat' dir='ltr'>Intima</span> <span class='ocrx_word' id='word_1_277' title='bbox 637 2526 764 2552; x_wconf 74' lang='lat' dir='ltr'>stelliferi</span> <span class='ocrx_word' id='word_1_278' title='bbox 785 2534 869 2552; x_wconf 81' lang='lat' dir='ltr'>sensu</span> <span class='ocrx_word' id='word_1_279' title='bbox 890 2528 1054 2561; x_wconf 70' lang='lat' dir='ltr'>penetrabat</span> <span class='ocrx_word' id='word_1_280' title='bbox 1076 2527 1196 2562; x_wconf 74' lang='lat' dir='ltr'>Olympi.</span> 
     </span>
     <span class='ocr_line' id='line_1_40' title="bbox 565 2566 1134 2602; baseline 0.004 -10"><span class='ocrx_word' id='word_1_281' title='bbox 565 2566 680 2593; x_wconf 82' lang='lat' dir='ltr'>Adfixus</span> <span class='ocrx_word' id='word_1_282' title='bbox 700 2567 786 2594; x_wconf 81' lang='lat' dir='ltr'>sacris</span> <span class='ocrx_word' id='word_1_283' title='bbox 806 2571 886 2594; x_wconf 75' lang='lat' dir='ltr'>nocte</span> <span class='ocrx_word' id='word_1_284' title='bbox 907 2568 1006 2602; x_wconf 73' lang='lat' dir='ltr'>dieque</span> <span class='ocrx_word' id='word_1_285' title='bbox 1026 2568 1105 2594; x_wconf 81' lang='lat' dir='ltr'>libris</span> <span class='ocrx_word' id='word_1_286' title='bbox 1129 2577 1134 2594; x_wconf 89' lang='lat'>:</span> 
     </span>
    </p>

    <p class='ocr_par' dir='ltr' id='par_1_18' title="bbox 511 2607 1296 2680">
     <span class='ocr_line' id='line_1_41' title="bbox 511 2607 1296 2643; baseline -0.001 -10"><span class='ocrx_word' id='word_1_287' title='bbox 511 2607 666 2642; x_wconf 78' lang='lat' dir='ltr'>Relligione</span> <span class='ocrx_word' id='word_1_288' title='bbox 686 2608 816 2639; x_wconf 77' lang='lat' dir='ltr'>Numam,</span> <span class='ocrx_word' id='word_1_289' title='bbox 838 2609 985 2643; x_wconf 80' lang='lat' dir='ltr'>antiquum</span> <span class='ocrx_word' id='word_1_290' title='bbox 1006 2610 1143 2643; x_wconf 66' lang='lat' dir='ltr'>gravitate</span> <span class='ocrx_word' id='word_1_291' title='bbox 1164 2608 1296 2635; x_wconf 76' lang='lat' dir='ltr'>Catonem</span> 
     </span>
     <span class='ocr_line' id='line_1_42' title="bbox 564 2648 1168 2680; baseline 0.003 -6"><span class='ocrx_word' id='word_1_292' title='bbox 564 2648 683 2680; x_wconf 70' lang='lat' dir='ltr'>Vicerat,</span> <span class='ocrx_word' id='word_1_293' title='bbox 705 2652 731 2676; x_wconf 82' lang='lat' dir='ltr'>et</span> <span class='ocrx_word' id='word_1_294' title='bbox 751 2653 829 2676; x_wconf 77' lang='lat' dir='ltr'>vates</span> <span class='ocrx_word' id='word_1_295' title='bbox 849 2653 875 2676; x_wconf 77' lang='lat' dir='ltr'>et</span> <span class='ocrx_word' id='word_1_296' title='bbox 895 2650 965 2676; x_wconf 71' lang='lat' dir='ltr'>bene</span> <span class='ocrx_word' id='word_1_297' title='bbox 985 2651 1080 2677; x_wconf 71' lang='lat' dir='ltr'>rhetor</span> <span class='ocrx_word' id='word_1_298' title='bbox 1101 2654 1168 2676; x_wconf 71' lang='lat' dir='ltr'>erat.</span> 
     </span>
    </p>

    <p class='ocr_par' dir='ltr' id='par_1_19' title="bbox 511 2689 1248 2758">
     <span class='ocr_line' id='line_1_43' title="bbox 511 2689 1248 2726; baseline 0.005 -11"><span class='ocrx_word' id='word_1_299' title='bbox 511 2689 581 2716; x_wconf 76' lang='lat' dir='ltr'>Ante</span> <span class='ocrx_word' id='word_1_300' title='bbox 601 2690 674 2716; x_wconf 79' lang='lat' dir='ltr'>diem</span> <span class='ocrx_word' id='word_1_301' title='bbox 696 2691 816 2717; x_wconf 78' lang='lat' dir='ltr'>immites</span> <span class='ocrx_word' id='word_1_302' title='bbox 834 2691 969 2726; x_wconf 78' lang='lat' dir='ltr'>juvenem</span> <span class='ocrx_word' id='word_1_303' title='bbox 989 2701 1108 2726; x_wconf 74' lang='lat' dir='ltr'>rapuero</span> <span class='ocrx_word' id='word_1_304' title='bbox 1128 2700 1248 2719; x_wconf 67' lang='lat' dir='ltr'>sorores,</span> 
     </span>
     <span class='ocr_line' id='line_1_44' title="bbox 564 2730 1138 2758; baseline 0.002 -1"><span class='ocrx_word' id='word_1_305' title='bbox 564 2730 621 2757; x_wconf 82' lang='lat' dir='ltr'>Nec</span> <span class='ocrx_word' id='word_1_306' title='bbox 641 2732 732 2757; x_wconf 79' lang='lat' dir='ltr'>sivere</span> <span class='ocrx_word' id='word_1_307' title='bbox 753 2732 825 2758; x_wconf 84' lang='lat' dir='ltr'>ultra</span> <span class='ocrx_word' id='word_1_308' title='bbox 845 2740 958 2758; x_wconf 74' lang='lat' dir='ltr'>currere</span> <span class='ocrx_word' id='word_1_309' title='bbox 979 2733 1033 2758; x_wconf 78' lang='lat' dir='ltr'>sata</span> <span class='ocrx_word' id='word_1_310' title='bbox 1054 2733 1138 2758; x_wconf 74' lang='lat' dir='ltr'>colos.</span> 
     </span>
    </p>

    <p class='ocr_par' dir='ltr' id='par_1_20' title="bbox 511 2770 1288 2849">
     <span class='ocr_line' id='line_1_45' title="bbox 511 2770 1288 2802; baseline 0.003 -5"><span class='ocrx_word' id='word_1_311' title='bbox 511 2770 601 2802; x_wconf 80' lang='lat' dir='ltr'>Quam</span> <span class='ocrx_word' id='word_1_312' title='bbox 621 2773 693 2799; x_wconf 84' lang='lat' dir='ltr'>male</span> <span class='ocrx_word' id='word_1_313' title='bbox 713 2773 877 2799; x_wconf 81' lang='lat' dir='ltr'>fraudantur</span> <span class='ocrx_word' id='word_1_314' title='bbox 898 2774 983 2799; x_wconf 80' lang='lat' dir='ltr'>tantis</span> <span class='ocrx_word' id='word_1_315' title='bbox 1005 2774 1063 2799; x_wconf 67' lang='lat' dir='ltr'>haec</span> <span class='ocrx_word' id='word_1_316' title='bbox 1084 2774 1175 2799; x_wconf 69' lang='lat' dir='ltr'>secula</span> <span class='ocrx_word' id='word_1_317' title='bbox 1197 2774 1288 2801; x_wconf 78' lang='lat' dir='ltr'>donis.</span> 
     </span>
     <span class='ocr_line' id='line_1_46' title="bbox 562 2812 1270 2849; baseline 0.004 -11"><span class='ocrx_word' id='word_1_318' title='bbox 562 2812 583 2839; x_wconf 95' lang='grc' dir='ltr'>Ο</span> <span class='ocrx_word' id='word_1_319' title='bbox 603 2821 686 2848; x_wconf 84' lang='lat' dir='ltr'>quam</span> <span class='ocrx_word' id='word_1_320' title='bbox 708 2822 782 2840; x_wconf 91' lang='lat' dir='ltr'>nunc</span> <span class='ocrx_word' id='word_1_321' title='bbox 802 2815 901 2840; x_wconf 81' lang='lat' dir='ltr'>merito</span> <span class='ocrx_word' id='word_1_322' title='bbox 921 2815 995 2849; x_wconf 73' lang='lat' dir='ltr'>luget</span> <span class='ocrx_word' id='word_1_323' title='bbox 1017 2819 1134 2849; x_wconf 71' lang='lat' dir='ltr'>uterque</span> <span class='ocrx_word' id='word_1_324' title='bbox 1153 2815 1270 2849; x_wconf 70' lang='lat' dir='ltr'>parcns!</span> 
     </span>
    </p>

    <p class='ocr_par' dir='ltr' id='par_1_21' title="bbox 512 2853 1258 2932">
     <span class='ocr_line' id='line_1_47' title="bbox 512 2853 1229 2891; baseline 0.003 -12"><span class='ocrx_word' id='word_1_325' title='bbox 512 2853 559 2880; x_wconf 74' lang='lat' dir='ltr'>Set</span> <span class='ocrx_word' id='word_1_326' title='bbox 580 2862 641 2880; x_wconf 86' lang='lat' dir='ltr'>mea</span> <span class='ocrx_word' id='word_1_327' title='bbox 661 2856 801 2889; x_wconf 74' lang='lat' dir='ltr'>praecipue</span> <span class='ocrx_word' id='word_1_328' title='bbox 823 2864 898 2881; x_wconf 86' lang='lat' dir='ltr'>nunc</span> <span class='ocrx_word' id='word_1_329' title='bbox 919 2856 996 2890; x_wconf 67' lang='lat' dir='ltr'>luget</span> <span class='ocrx_word' id='word_1_330' title='bbox 1018 2856 1151 2891; x_wconf 77' lang='lat' dir='ltr'>Lingonis</span> <span class='ocrx_word' id='word_1_331' title='bbox 1171 2865 1229 2885; x_wconf 74' lang='lat' dir='ltr'>ora,</span> 
     </span>
     <span class='ocr_line' id='line_1_48' title="bbox 566 2895 1258 2932; baseline 0.004 -12"><span class='ocrx_word' id='word_1_332' title='bbox 566 2895 708 2921; x_wconf 82' lang='lat' dir='ltr'>Amissum</span> <span class='ocrx_word' id='word_1_333' title='bbox 728 2896 804 2922; x_wconf 84' lang='lat' dir='ltr'>hunc</span> <span class='ocrx_word' id='word_1_334' title='bbox 824 2896 921 2923; x_wconf 79' lang='lat' dir='ltr'>florem</span> <span class='ocrx_word' id='word_1_335' title='bbox 942 2897 1074 2932; x_wconf 72' lang='lat' dir='ltr'>Lingonis</span> <span class='ocrx_word' id='word_1_336' title='bbox 1095 2906 1141 2923; x_wconf 79' lang='lat' dir='ltr'>ora</span> <span class='ocrx_word' id='word_1_337' title='bbox 1163 2898 1258 2932; x_wconf 64' lang='lat' dir='ltr'>gemit.</span> 
     </span>
    </p>

    <p class='ocr_par' dir='ltr' id='par_1_22' title="bbox 515 2935 1250 3017">
     <span class='ocr_line' id='line_1_49' title="bbox 515 2935 1245 2973; baseline 0.003 -11"><span class='ocrx_word' id='word_1_338' title='bbox 515 2935 619 2971; x_wconf 80' lang='lat' dir='ltr'>Lugeat</span> <span class='ocrx_word' id='word_1_339' title='bbox 638 2936 713 2963; x_wconf 87' lang='lat' dir='ltr'>hunc</span> <span class='ocrx_word' id='word_1_340' title='bbox 733 2937 810 2963; x_wconf 81' lang='lat' dir='ltr'>orbis</span> <span class='ocrx_word' id='word_1_341' title='bbox 831 2938 930 2964; x_wconf 71' lang='lat' dir='ltr'>merito</span> <span class='ocrx_word' id='word_1_342' title='bbox 950 2938 1093 2973; x_wconf 79' lang='lat' dir='ltr'>tigresque</span> <span class='ocrx_word' id='word_1_343' title='bbox 1113 2942 1245 2967; x_wconf 47' lang='lat' dir='ltr'>cruentam</span> 
     </span>
     <span class='ocr_line' id='line_1_50' title="bbox 566 2976 1250 3017; baseline 0.004 -14"><span class='ocrx_word' id='word_1_344' title='bbox 566 2976 597 3004; x_wconf 77' lang='lat' dir='ltr'>Et</span> <span class='ocrx_word' id='word_1_345' title='bbox 619 2978 747 3005; x_wconf 81' lang='lat' dir='ltr'>madeant</span> <span class='ocrx_word' id='word_1_346' title='bbox 768 2978 918 3014; x_wconf 64' lang='lat' dir='ltr'>lachrymis</span> <span class='ocrx_word' id='word_1_347' title='bbox 938 2988 1078 3006; x_wconf 82' lang='lat' dir='ltr'>marmora</span> <span class='ocrx_word' id='word_1_348' title='bbox 1098 2979 1167 3005; x_wconf 80' lang='lat' dir='ltr'>dura</span> <span class='ocrx_word' id='word_1_349' title='bbox 1187 2980 1250 3017; x_wconf 70' lang='lat' dir='ltr'>piis.</span> 
     </span>
    </p>
   </div>
   <div class='ocr_carea' id='block_1_9' title="bbox 276 3033 570 3076">
    <p class='ocr_par' dir='ltr' id='par_1_23' title="bbox 276 3033 570 3076">
     <span class='ocr_line' id='line_1_51' title="bbox 276 3033 570 3076; baseline 0 -10"><span class='ocrx_word' id='word_1_350' title='bbox 276 3034 309 3066; x_wconf 72' lang='lat'>2.</span> <span class='ocrx_word' id='word_1_351' title='bbox 331 3033 445 3076; x_wconf 71' lang='lat' dir='ltr'>Nuyoe.</span> <span class='ocrx_word' id='word_1_352' title='bbox 470 3034 495 3073; x_wconf 89' lang='lat'>1,</span> <span class='ocrx_word' id='word_1_353' title='bbox 521 3036 570 3069; x_wconf 64' lang='lat'>43.</span> 
     </span>
    </p>
   </div>
  </div>
 </body>
</html>
