1945 3256
608 209 664 240 DE
687 208 829 240 VARIIS
854 207 1059 240 BORBONII
1084 206 1284 238 SCRIPTIS.
1699 207 1737 236 37

159 289 255 325 sunt
272 293 280 313 ¹
299 285 306 323 l
332 286 437 323 Illud
455 285 543 323 fieri
564 288 700 336 potest
716 287 761 322 ut
775 284 1020 331 Borbonius‚
1044 283 1114 334 qui
1129 282 1333 321 Catullum
1355 282 1503 319 diurna
1518 286 1736 319 nocturna-

156 360 235 400 que
262 359 387 386 manu
409 351 665 393 versaverat,
695 346 885 384 Lesbiam
914 346 1093 384 voluerit
1118 344 1271 382 habere
1299 355 1418 382 suam
1445 347 1484 381 et
1513 344 1736 393 quamdam

155 410 232 448 sibi
249 410 448 459 delegerit
463 409 640 447 amicam
656 419 779 459 quam
796 407 1002 454 versibus,
1023 407 1195 444 insciam
1219 407 1282 444 vel
1304 405 1526 451 consciam,
1544 405 1620 442 sub
1642 405 1736 443 ficto

154 471 321 509 nomine
345 471 544 518 RubelIae,
568 469 775 508 cecinerit.

234 532 441 583 Quidquid
455 532 496 570 id
512 535 586 578 est,
604 531 834 569 Borbonius
851 531 890 567 in
906 531 1034 580 Nugis
1050 531 1101 568 ad
1116 542 1234 568 suam
1248 529 1460 567 Rubellam
1473 539 1736 579 summopere

153 595 349 645 probavit
370 606 494 645 quam
523 593 701 642 eleganti
728 604 775 629 ac
804 592 914 630 facili
943 593 1109 642 ingenio
1136 592 1244 630 foret
1274 592 1314 629 in
1344 591 1556 629 amoribus
1587 590 1736 628 descri-

154 656 310 694 bendis.
336 657 418 694 Ilos
439 655 558 693 nob1s
580 655 702 693 liceat
722 654 949 692 versiculos
975 653 1044 693 hic
1064 654 1305 692 subnectere
1330 665 1337 690 z

628 774 715 813 Quid
739 774 811 812 iles,
833 774 977 807 Rubella
995 776 1011 806 ἵ)
1032 774 1115 817 quid
1140 773 1266 806 doles?

624 821 754 860 Amica,
773 820 857 863 quid
880 831 1014 859 manes,
1040 831 1112 852 mea
1130 822 1146 852 ἵ)

506 875 525 892 ⁴⁶
625 867 727 899 Abire
751 878 802 900 me
824 868 1009 900 necessitas

625 914 720 955 Cogit
737 927 744 952 3
768 914 828 946 sed
847 915 915 947 huc
929 917 1044 947 tamen
1069 914 1164 946 brevi

627 960 679 992 Ad
705 964 735 992 te
752 961 885 999 redibo,
905 971 924 993 o
949 961 1009 992 lux
1031 971 1116 997 mea,

626 1006 794 1047 Rul)ella;
820 1007 999 1045 adesdum,
1016 1007 1058 1039 da
1079 1015 1184 1050 gentis

628 1054 713 1086 Istas
736 1054 912 1086 madentes
934 1055 1082 1091 osculer,

627 1102 674 1132 Da
700 1099 886 1142 turgidulis
910 1101 1068 1134 ocellulis

627 1148 671 1180 Os
693 1147 896 1190 adprimam.
920 1147 1007 1186 Quid
1022 1150 1037 1179 ἵ)
1059 1148 1119 1180 iles
1140 1148 1252 1179 adhuc
1270 1159 1276 1178 :

624 1196 667 1227 At
686 1195 767 1227 siste
790 1195 972 1237 lacrymas.
996 1206 1140 1235 precor3

627 1242 726 1274 Brevi
753 1241 872 1274 redibo
894 1246 927 1274 et
945 1241 1096 1274 adferam

629 1289 769 1332 Aliquid
793 1289 853 1321 tibi
878 1300 947 1331 quo
969 1288 1130 1331 gaudeas.

628 1337 675 1368 Tu
700 1340 730 1368 te
754 1337 891 1368 interim
915 1335 1046 1368 oblecta
1066 1336 1171 1372 domi,

630 1385 714 1415 Cum
734 1387 840 1416 matre
860 1394 1007 1426 cunique
1024 1384 1185 1415 ancillula
1209 1387 1241 1415 rt

627 1431 688 1463 llis
710 1440 787 1462 cum
810 1432 878 1463 tuis
900 1430 1094 1474 aequalibus

625 1479 713 1517 Λευ,
735 1477 826 1516 colu,
849 1481 965 1516 cantu,
989 1478 1074 1519 lyra,

625 1525 783 1568 Aliisque
807 1526 960 1558 honestis
980 1525 1116 1557 lusibus

625 1573 688 1610 Qui
711 1573 863 1614 virgines
888 1572 972 1605 tales
992 1571 1126 1605 decent.

622 1619 710 1651 Cave
734 1623 849 1651 autem
874 1623 906 1651 et
924 1619 1083 1661 inprimis
1104 1629 1198 1656 cave,

624 1666 710 1699 Cave
733 1667 903 1708 (inquam)
926 1670 962 1698 ut
984 1666 1038 1699 isti
1061 1666 1220 1699 sanctuli.

627 1713 828 1750 Fraterculi,
851 1712 1011 1750 dicaculi,

622 1759 764 1792 Cucullo
786 1759 900 1791 amicti
922 1762 954 1791 et
978 1758 1119 1791 funibus

626 1807 750 1845 Cincti,
772 1806 844 1839 suis
860 1809 892 1838 te
908 1805 1085 1838 blandulis

625 1853 751 1885 Verbis
766 1853 908 1895 suisque
931 1852 1063 1885 melleis

626 1899 762 1933 Fallant
777 1899 1013 1932 suasionibus,

624 1948 669 1979 Te
690 1947 798 1990 probo
821 1946 862 1979 ab
883 1948 977 1979 omni
999 1948 1156 1986 crimine,

624 1993 677 2027 Ab
699 1996 794 2027 omni
816 1994 1046 2038 turpitudine,

625 2043 749 2075 Puram
774 2043 857 2074 milii
879 2052 994 2076 serves
1016 2042 1095 2075 vide
1111 2044 1136 2075 2.

230 2168 303 2206 llis
325 2167 492 2218 quidem
520 2166 737 2205 versiculis
768 2166 887 2204 facile
918 2166 1121 2217 probatur
1148 2170 1349 2217 quantum
1385 2167 1561 2206 valuerit
1594 2170 1734 2206 noster

154 2230 344 2269 acumine
374 2232 413 2268 et
442 2229 591 2280 gratia.
628 2228 739 2267 Nihil
771 2228 879 2266 enim
914 2228 994 2278 legi
1030 2232 1164 2279 potest
1198 2229 1407 2277 mundius,
1438 2230 1621 2281 pressius
1664 2234 1736 2268 aut

153 2292 384 2331 venustius.
435 2341 438 2343 Β

232 2352 505 2392 Concinniora
527 2352 720 2404 quaedam
741 2353 780 2390 in
802 2353 872 2390 illo
893 2353 1104 2403 poematio
1125 2353 1299 2391 forsitan
1317 2352 1400 2403 jam
1423 2353 1705 2404 deprehendes
1724 2366 1730 2391 :

153 2416 224 2454 sed
246 2419 284 2454 et
306 2415 454 2453 vitium
482 2415 612 2453 multo
641 2415 812 2463 gravius
838 2414 1156 2465 reprehenditur
1178 2415 1219 2453 in
1249 2416 1390 2454 multis
1418 2416 1509 2453 aliis
1532 2416 1736 2466 epigram-

155 2477 279 2515 matis
299 2476 495 2515 Borbonii
517 2476 569 2514 ad
596 2476 782 2514 eamdem
805 2476 1043 2523 Rubellam;
1070 2488 1181 2524 nam,
1206 2489 1299 2515 cum
1320 2477 1371 2515 ad
1393 2477 1563 2516 ardores
1585 2477 1719 2515 deseri

155 2539 313 2577 bendos
332 2539 462 2585 venit,
485 2537 647 2589 flayrat,
681 2538 837 2585 vritur,
865 2538 993 2585 ardet,
1019 2538 1265 2586 incenditur,
1291 2538 1572 2589 inflammatur
1597 2542 1738 2590 poeta,

155 2604 279 2651 atque
295 2600 470 2638 Rubella
490 2600 593 2637 nihil
615 2600 693 2637 nisi
714 2599 896 2650 flammas
911 2605 947 2639 et
962 2600 1070 2651 iqiees
1085 2600 1309 2650 jaculatur.
1327 2601 1414 2646 Qua
1430 2601 1597 2652 quidem
1614 2604 1740 2640 meta-

154 2662 289 2713 phora
309 2662 653 2713 intemperantius
674 2673 772 2700 usus
793 2665 854 2701 est
876 2662 916 2700 in
937 2662 1017 2701 hoc
1043 2662 1290 2701 hexasticho
1315 2676 1321 2701 :

220 2786 247 2817 l.
269 2783 354 2816 Vide
375 2787 497 2826 utputa
517 2783 611 2826 qnod
629 2783 792 2816 dixerunt
815 2783 857 2816 de
879 2783 1024 2816 Lodoica
1046 2784 1160 2816 Labbe
1182 2785 1214 2816 L.
1239 2785 1391 2826 Feugere
1421 2785 1455 2816 in
1477 2794 1540 2817 suo
1561 2784 1662 2825 libro,
1686 2786 1750 2818 Les

153 2832 284 2871 femmes
303 2832 412 2871 poetes
426 2840 472 2862 au
492 2836 561 2862 xvr
581 2832 676 2863 sie'cle
697 2834 730 2863 et
751 2830 846 2863 Jules
872 2831 990 2868 Favre,
1017 2831 1141 2863 (llivt'er
1161 2832 1199 2863 de
1219 2832 1354 2872 Magyny.
1377 2832 1417 2863 In
1441 2830 1530 2873 jocis
1552 2833 1742 2872 amatoriis,

157 2877 264 2909 amica
287 2876 432 2910 Rubella
455 2887 525 2909 non
548 2879 650 2910 unice
672 2887 757 2910 usus
788 2880 840 2909 est
874 2876 1070 2910 Borbonins
1095 2888 1101 2909 :
1123 2880 1208 2910 sunt
1241 2878 1342 2910 etiam
1372 2878 1499 2920 puellae
1531 2878 1747 2919 lectissima»,

157 2922 312 2965 Cassia(1,
328 2924 394 2965 33),
415 2925 503 2956 Rosa
524 2925 563 2965 (Ι,
587 2925 671 2965 223),
694 2923 799 2958 Caelia
823 2924 890 2965 (IV,
911 2925 943 2965 8)
963 2924 997 2956 in
1019 2924 1146 2967 quibus
1168 2934 1238 2957 non
1262 2925 1377 2958 minus
1401 2925 1571 2958 exardere
1596 2926 1746 2959 videtur.

222 2971 252 3001 2.
277 2970 393 3011 Nuyae,
417 2970 506 3011 VIII,
527 2972 576 3002 53.
