1945 3256
611 187 666 216 DE
690 186 788 217 VITA
811 184 979 216 NICOLAI
1003 185 1216 217 BORBONH.
1681 184 1698 210 9

422 262 447 294 O
471 261 552 293 felix
573 262 712 299 Cliorro,
733 270 837 303 quem
860 258 1000 292 constat
1014 261 1126 292 visere
1150 261 1330 297 Rhomam,

463 309 513 340 Me
537 308 719 340 miserum!
745 306 869 338 vellem
888 316 990 349 quem
1014 317 1129 339 comes
1152 308 1199 339 ire
1221 307 1300 340 tibil

421 355 468 386 Tu
492 354 618 387 solium
640 354 729 385 Petri
754 363 874 385 cernes
897 356 1126 396 sanctumque
1147 353 1386 395 Sepulchrum,

463 401 575 443 Atque
600 400 666 432 tuis
689 399 834 441 pedibus
856 402 905 431 tot
929 399 998 431 loca
1021 409 1113 431 sacra
1136 403 1223 432 teres
1248 411 1254 431 :

424 447 580 490 Denique
599 446 771 478 pontificis
793 456 908 478 coram
932 446 1140 478 venerabere
1163 456 1305 483 numen,

464 495 568 535 Cujus
589 493 645 525 vel
665 502 763 534 reges
785 492 901 524 oscula
921 493 1005 524 dant
1026 492 1206 535 pedibus’.

119 637 174 669 ΙΙΙ.
197 656 237 660 -
254 636 443 669 Borbonius
460 635 569 668 Caroli
585 635 754 667 Turnonii
771 635 920 676 hospitio
942 628 1067 667 utinm
1084 654 1124 658 —
1141 636 1167 667 J.
1190 634 1355 667 Giualiaci
1377 634 1416 665 fit
1438 635 1638 675 praeceptor.
1660 650 1699 654 -

670 683 707 713 Iu
732 691 901 714 carcerem
924 681 1117 724 conjicitur.

195 812 329 849 Caroli
352 810 550 848 Turnonii
571 811 805 861 patrocinio
833 823 931 849 usus
956 814 1031 857 est,
1051 822 1158 848 anno
1184 811 1347 849 circiter
1369 809 1602 849 MDXXXII,
1628 819 1700 845 nec

115 884 208 911 eum
236 873 429 923 poenituit
455 875 616 910 tantam
646 872 686 908 in
716 873 946 910 clientelam
977 876 1189 922 receptum
1221 872 1366 915 fuisse3
1391 883 1487 908 nam
1510 869 1701 921 praesulis

114 935 443 972 benevolentiam
466 946 513 971 ac
534 934 771 971 comitatem
798 935 856 971 ita
880 937 1075 985 expertus
1098 937 1174 980 est,
1201 938 1244 972 ut
1264 934 1379 971 brevi
1403 945 1496 970 eum
1519 931 1700 982 appella-

114 996 219 1034 verit
231 1007 399 1034 setarum
415 1006 609 1033 coemeram
626 995 814 1044 requiem.
829 1007 949 1034 snum
966 996 1091 1034 noent<
1114 996 1151 1033 ln
1170 996 1307 1034 umbra
1323 996 1470 1033 lumen.
1490 993 1611 1043 rapiti
1627 1004 1698 1031 suso

113 1061 271 1108 qratam
304 1068 505 1095 eoronam.
540 1057 633 1094 Sive
665 1057 878 1103 Turnonii‚
910 1058 996 1095 sive
1028 1058 1183 1094 Vivarii
1213 1058 1459 1102 consideret,
1484 1056 1700 1105 utriusque

115 1119 305 1169 oppiduli
343 1119 482 1156 sedem
517 1119 654 1168 primo
676 1121 849 1169 'quoque
882 1122 1069 1169 tempore
1104 1122 1266 1167 gratam
1299 1118 1446 1156 hahuit
1487 1121 1610 1167 atque
1648 1116 1698 1153 ad

115 1180 250 1230 ipsum
271 1179 417 1218 herum
438 1180 646 1218 scribebat
672 1193 677 1216 1

440 1282 565 1312 Tecum
589 1282 623 1312 in
646 1280 792 1313 desertis
813 1282 942 1323 possim
969 1281 1055 1313 bene
1077 1282 1195 1313 vivere
1217 1281 1339 1323 sylvis',

481 1327 609 1360 Tecum
630 1338 692 1370 pro
717 1338 837 1370 magna
857 1338 918 1360 rus
939 1329 1003 1361 erit
1024 1328 1108 1360 urbe
1131 1329 1250 1360 mil1i2.

194 1423 270 1461 Sed
293 1424 493 1474 paulatim
517 1424 622 1461 miro
645 1424 848 1462 desiderio
871 1424 1065 1474 flagravit
1086 1428 1174 1463 tum
1195 1425 1423 1463 revisenda}
1452 1424 1582 1469 urhis,
1607 1434 1698 1461 cum

116 1485 237 1523 famae
266 1497 351 1523 suae
374 1485 484 1535 apud
506 1486 688 1523 eruditos
710 1486 950 1524 condendae.
974 1487 1076 1523 Nam
1098 1499 1190 1524 cum
1213 1487 1411 1524 nonnulla
1434 1498 1484 1523 ex
1505 1485 1593 1535 ejus
1614 1485 1700 1535 epi—

113 1547 418 1596 grammatibus
435 1559 526 1597 quae
543 1548 631 1597 ipse
647 1549 752 1585 inter
767 1548 852 1586 otia
874 1548 1044 1594 luserat,
1063 1548 1113 1586 ab
1132 1548 1372 1586 hominibus
1391 1547 1700 1599 probatissimis

113 1608 341 1646 honorifice
368 1609 542 1646 fuissent
564 1609 778 1659 accepta³‚
800 1610 840 1646 in
870 1610 1054 1646 animum
1086 1610 1164 1646 sibi
1193 1610 1415 1648 induxerat
1441 1610 1581 1659 Nugas
1609 1608 1700 1645 illas

111 1670 346 1720 multasque
369 1671 472 1707 alias
499 1684 512 1703 «
537 1670 687 1720 quibus
709 1671 807 1708 olim
826 1671 1040 1708 aetatulam
1063 1671 1290 1708 ludibunda
1306 1675 1344 1709 et
1359 1671 1524 1721 poetica
1539 1669 1699 1719 impeti·

112 1732 207 1782 gine
228 1731 315 1781 jam
343 1735 431 1769 tum
461 1732 715 1782 prurientem
745 1732 979 1770 luditicatus
1007 1733 1123 1771 erat⁶
1157 1748 1189 1779 »,
1214 1733 1425 1778 collectas,
1450 1733 1697 1770 retractatas

110 1794 470 1844 transcriptasque
486 1794 597 1843 typis
613 1794 824 1831 mandare.
845 1795 1039 1832 Parisiios
1056 1795 1184 1844 igitur
1195 1806 1384 1832 reversus
1403 1797 1463 1832 est
1481 1805 1574 1832 cum
1590 1793 1698 1831 bona

111 1855 233 1892 venia
261 1855 466 1905 prsesulis‚
492 1854 608 1904 cujus
632 1855 682 1892 ad
704 1855 833 1892 imum
855 1857 1034 1904 gratiam
1058 1867 1104 1894 ac
1126 1856 1310 1893 favorem
1334 1856 1502 1893 retinuit
1518 1855 1548 1900 ὅ,
1572 1857 1696 1904 atque

111 1915 253 1953 eodem
276 1927 383 1953 anno
404 1916 660 1961 MDXXXIII,
679 1917 910 1967 principem
926 1911 1140 1966 Nugarum
1157 1918 1379 1955 editionem
1395 1917 1505 1967 apud
1521 1915 1697 1953 Michae-

111 1977 189 2015 lem
212 1978 492 2015 Vascosanum
515 1977 656 2015 edidit.

189 2039 246 2076 Eo
276 2041 479 2089 tempore,
501 2039 682 2077 Jacobus
710 2039 923 2078 Galeottus
953 2041 1002 2078 de
1034 2040 1261 2084 Ginahaeo,
1284 2041 1407 2078 Maini
1438 2040 1559 2078 credo
1588 2051 1697 2078 com-

112 2100 389 2146 mendatione
422 2100 551 2137 tilium
581 2101 801 2146 Joannem,
830 2103 1199 2150 generosissimum
1232 2102 1531 2140 adolescentem
1565 2102 1695 2140 omni-

172 2227 201 2255 1l.
223 2224 339 2265 Ναφε,
362 2235 402 2256 ex
422 2224 575 2257 editione
597 2225 765 2267 principe.

172 2273 202 2303 2.
224 2271 338 2312 Nuyoe.
361 2273 384 2307 1,
411 2273 478 2303 1:32.

171 2319 201 2349 3.
225 2318 374 2359 Epistola
397 2317 439 2350 ad
458 2318 612 2358 Stellam,
634 2320 666 2351 in
691 2318 842 2351 editione
868 2320 1035 2362 principe.
1062 2339 1101 2343 —-
1127 2320 1207 2352 Vide
1229 2322 1329 2353 etiam
1356 2321 1497 2363 epistola
1519 2320 1628 2353 Carini
1653 2319 1691 2351 ad

111 2363 333 2397 Borbonium.

173 2414 204 2444 4.
228 2412 332 2454 Epist.
355 2410 397 2443 ad
419 2412 557 2444 Stellam
582 2413 615 2444 in
634 2412 786 2444 editione
809 2414 977 2455 principe.

170 2463 199 2491 5.
222 2462 322 2493 Auno
344 2462 479 2493 circiter
501 2462 699 2494 Muxxxvl
722 2461 762 2493 ad
784 2462 942 2495 Carolum
965 2463 1135 2496 scribebat
1163 2475 1168 2495 z

442 2555 475 2581 Et
496 2563 642 2582 memorem
660 2557 752 2583 nostri
766 2565 823 2583 esse
837 2558 895 2583 seio
917 2560 951 2585 te.
974 2558 1084 2587 cai-010.
1106 2567 1232 2593 semper:

496 2596 525 2622 Et
548 2597 616 2622 hene
639 2597 776 2624 Borbonio
796 2602 821 2624 ie
842 2599 898 2624 scio
919 2599 988 2624 velle
1011 2602 1068 2626 luo.

441 2636 471 2663 Et
492 2637 554 2663 licet
575 2638 601 2663 in
622 2639 737 2672 vulgum
758 2640 901 2665 mendacia
922 2648 1053 2674 spargere
1073 2649 1169 2666 rumor

495 2677 628 2707 Gaudeat,
652 2688 739 2713 iis-[uc
760 2684 852 2706 manet
873 2689 950 2706 mens
971 2684 1017 2706 tun
1039 2682 1118 2707 lirnia
1140 2686 1242 2708 lamen.

443 2719 558 2753 Semper
577 2719 728 2753 honorilice
750 2721 782 2747 [le
803 2721 890 2752 nohis,
913 2721 1024 2749 Cui'ole.
1045 2723 1142 2751 sentis,

493 2759 533 2786 De
551 2760 628 2786 nohis
649 2760 773 2795 loqueris
789 2770 899 2796 semper
920 2762 1081 2791 honorifice.

443 2800 533 2831 Quare
553 2810 613 2835 ego,
635 2802 682 2836 qui
704 2803 804 2835 ingrati
825 2811 935 2833 nomen,
958 2812 1025 2829 cane
1046 2804 1124 2838 pejus
1145 2808 1169 2829 et
1191 2813 1291 2839 angue.

496 2841 556 2869 Odi.
580 2845 604 2867 le
622 2842 665 2867 his
685 2844 782 2873 oculis,
805 2844 909 2873 Carolc,
931 2848 1009 2878 gesto
1029 2845 1107 2870 meis.

441 2882 480 2907 Tu
501 2882 568 2908 mihi
588 2883 614 2908 in
636 2883 677 2908 his
696 2884 793 2913 liu-res„
816 2885 915 2910 domus
935 2888 961 2910 et
982 2888 1026 2911 [ua
1047 2888 1110 2913 tota,
1133 2886 1270 2913 medullis,

496 2922 608 2957 Eripere
629 2924 699 2950 hanc
718 2928 838 2951 mentem
860 2934 934 2951 mors
956 2926 1022 2951 mihi
1039 2926 1092 2950 sola
1116 2929 1215 2959 potest.

1370 2967 1399 2994 V,
1426 2970 1481 2992 wo.
