1945 3256
562 184 617 214 DE
640 183 780 215 VARHS
804 183 1005 215 BORBONll
1030 182 1227 215 SCRIPTIS.
1647 186 1685 215 553

330 260 417 290 Aera
441 258 640 301 disquirens
661 268 854 301 magnoque
876 258 1009 299 fragore
1032 258 1184 289 minatur
1203 267 1212 290 ε

329 305 417 337 Hinc
437 304 539 337 simul
559 308 746 347 erumpunt
766 308 858 336 tanta
881 305 1027 345 caligine
1048 304 1145 339 fumi,

329 351 408 383 Tam
431 360 535 391 grave
557 352 728 392 spirantes
748 361 851 393 quam
873 351 932 393 qui
956 350 999 383 de
1021 349 1175 382 faucibus
1198 350 1286 391 Orci*

328 398 396 430 Aut
415 397 463 430 illi
485 408 572 440 quos
594 399 645 435 (ut
666 398 752 429 lama
774 401 839 436 est)
863 398 1065 439 perterritus
1086 396 1169 428 olim

331 444 421 477 Misit
442 445 478 476 in
498 443 640 476 Alciden
655 444 772 481 Cacus,
795 443 957 476 Vulcania
980 442 1105 486 proles.

330 492 416 524 Huic
435 491 527 532 operi
553 494 682 532 septem
700 490 790 523 soles
813 489 1028 532 totidemque
1050 499 1190 522 necesse
1213 494 1264 522 est

330 536 510 580 Impendat
530 541 647 569 noctes
671 536 829 578 vigilans„
855 536 1052 579 imbresque
1076 536 1208 569 futuros

329 585 521 616 Przrcaveat
541 584 708 625 [latusque
729 583 845 615 Austri
869 583 1015 625 coelique
1040 583 1182 621 ligurum

328 630 494 662 Observet
516 629 720 671 Pliadasque
742 641 748 660 :
769 630 855 661 nil1il
878 630 971 671 pigra
997 629 1151 671 plaustra
1178 629 1291 661 Bootis

328 677 426 709 Hunc
447 677 569 708 fallunt
593 688 599 707 z
624 675 707 707 nillil
734 676 825 707 hunc
849 676 934 708 fallit
957 675 1139 707 nimbosus
1160 676 1265 707 Orion
1287 686 1293 706 :

328 722 529 755 Instabilem
550 723 642 754 lunzr
664 722 783 754 faciem
806 722 969 764 percellet
991 722 1029 753 ad
1058 732 1221 761 unguem.

328 771 461 801 Interea
482 769 642 811 coquitur
662 768 763 801 carbo
811 795 816 800 .
867 794 873 799 .
933 793 1215 802 ......

184 849 266 886 Hos
292 848 455 898 quidem
486 859 628 885 versus
656 848 695 884 in
725 848 874 898 quihus
897 851 1019 898 poeta
1040 847 1182 885 omnia
1202 860 1293 897 quse
1316 847 1366 885 ad
1388 851 1518 885 artem
1541 847 1685 885 carbo-

104 910 265 947 nariam
285 909 491 959 pertinent
512 909 643 947 oculis
664 909 783 959 quasi
805 909 979 959 subjecit
1001 909 1429 959 fidelih11s,laud0que
1446 909 1681 959 proboque;

104 971 172 1009 sed
194 982 217 1008 a
237 974 349 1009 recta
369 971 438 1008 via
459 970 561 1008 mihi
585 970 799 1009 deflectere
815 971 993 1017 videtur,
1013 983 1122 1017 eumq
1140 971 1281 1008 fabula
1295 982 1459 1008 rursum
1480 970 1683 1016 adhibita,

105 1032 349 1070 carbonario
371 1044 445 1070 suo
468 1032 683 1083 Rhodopei
707 1032 862 1083 Orphei
884 1033 1073 1070 habitum
1098 1036 1136 1070 et
1159 1036 1289 1070 artem
1312 1032 1599 1070 accommodat
1624 1045 1630 1068 t

367 1143 1030 1150 .............
1081 1120 1192 1151 Utrcm

364 1165 463 1197 quat
485 1165 771 1207 prwrudilumque
795 1166 912 1197 modos
936 1166 1084 1203 integrat
1108 1169 1260 1203 agrestes

364 1212 544 1250 Articulis;
569 1214 836 1254 stupel'actarum
860 1217 931 1244 tum
952 1213 1057 1244 densa
1082 1215 1231 1245 ferarum

364 1260 509 1300 Agmina
534 1260 748 1291 conveniunt
771 1260 1018 1302 hominemque
1038 1259 1157 1291 audire
1177 1262 1357 1291 canentem

365 1306 565 1337 Silvestrem
589 1307 718 1338 Musam
743 1305 848 1344 (dictu
873 1306 1041 1344 mirabile)
1066 1306 1230 1345 gaudent,

363 1353 529 1395 Capreoli,
553 1354 718 1395 cervique
742 1352 834 1385 leves
858 1355 1026 1394 dumaeqrce
1050 1354 1186 1394 fugaces

365 1401 601 1442 Raptoresque
624 1400 707 1442 lupi,
731 1400 1141 1443 villisquehorrentibus
1166 1401 1236 1432 ursi

365 1446 404 1478 Et
424 1445 559 1488 vulpes,
584 1447 772 1488 curvisque
795 1446 939 1479 timendi
960 1447 1124 1479 dentibus
1147 1448 1217 1489 apri
1243 1457 1248 1478 z

364 1493 515 1524 Arrectis
531 1502 652 1525 omnes
675 1492 887 1525 mirabundw
910 1492 1050 1525 auribus
1073 1493 1221 1527 adstant.

362 1538 625 1582 Concordesque
648 1539 725 1571 feru¹
746 1543 778 1571 et
800 1543 901 1571 cantu
925 1540 993 1571 sera
1016 1543 1152 1582 pectora
1176 1540 1339 1572 mulcent.

178 1618 265 1663 Quo
294 1622 459 1669 poetam
496 1618 709 1656 incautum
738 1630 818 1656 non
848 1619 1035 1669 perducit
1063 1620 1214 1657 nimius
1244 1620 1504 1669 antiquitatis
1538 1619 1684 1658 amor?

102 1682 253 1719 Damas
274 1683 314 1719 et
334 1692 453 1718 ursos
474 1680 514 1717 in
537 1681 662 1718 silvas
689 1681 1014 1731 Vanslolineranas
1043 1682 1271 1719 Borbonius
1294 1682 1466 1727 inducit,
1493 1683 1684 1733 quamvis

97 1746 355 1794 compertum
384 1742 538 1781 habeat
564 1742 628 1780 his
656 1755 819 1793 semper
842 1744 1094 1781 animalibus
1123 1744 1301 1794 patriam
1330 1755 1448 1781 suam
1476 1745 1680 1783 caruisse!

97 1805 201 1850 Quin
223 1805 350 1843 etiam
369 1805 482 1855 operi
505 1816 579 1843 suo
600 1817 850 1856 purpureos.
876 1806 955 1843 late
977 1807 1045 1856 qui
1068 1806 1326 1856 splendeant,
1351 1818 1512 1856 pannos
1538 1808 1682 1851 assuit,

99 1879 190 1905 cum
228 1867 481 1905 silvestrium
524 1878 660 1905 mores
695 1871 817 1918 atque
846 1868 955 1905 hona
987 1868 1037 1905 ad
1066 1869 1279 1919 exemplar
1307 1869 1470 1918 Virgilii
1505 1870 1683 1907 concele-

97 1929 203 1976 brat,
227 1932 266 1967 et
288 1929 572 1978 indignatione
594 1930 727 1967 aliena
748 1941 833 1967 sua}
853 1930 988 1968 {etatis
1010 1930 1113 1967 vitia
1135 1930 1335 1981 increpat.
1361 1930 1544 1969 Credidit
1566 1931 1682 1969 forsi-

97 1995 166 2029 tan
188 1994 387 2042 punctum
409 1991 551 2029 tulisse
575 2004 581 2028 :
608 2003 684 2041 ego
707 1995 845 2029 autem
874 2004 983 2041 {ogre
1015 1992 1100 2029 sero
1131 1992 1241 2042 quod
1267 1992 1376 2030 tritis
1403 1992 1680 2044 obsoletisque

97 2056 197 2094 locis
218 2067 303 2094 rem
325 2056 426 2094 bene
447 2056 651 2107 inceptam
677 2057 965 2107 intempestive
988 2057 1045 2095 ita
1068 2057 1346 2107 interceperit.

174 2121 232 2159 Ad
253 2120 468 2159 ferrariam
497 2121 662 2159 tandem
695 2122 817 2171 longo
842 2122 1015 2159 circuitu
1037 2133 1226 2159 reversus
1252 2122 1443 2160 lectorem
1470 2123 1588 2161 docet
1609 2123 1679 2173 qui

97 2184 150 2221 sit
162 2182 367 2221 fossorum
385 2183 520 2229 lahorg
539 2184 748 2234 quon'lodo
771 2184 929 2233 possint
950 2184 1128 2221 videndo
1152 2184 1254 2221 scire
1278 2196 1369 2234 qua}
1391 2189 1502 2222 terra
1524 2184 1677 2222 ferrum

96 2245 318 2291 contineat,
341 2245 490 2294 quibus
512 2245 675 2283 indiciis
697 2246 978 2294 distinguatur
999 2244 1378 2283 excellentia'ferri.
1402 2246 1482 2283 Nec
1509 2258 1556 2284 ea
1583 2250 1678 2284 sunt

95 2310 247 2345 temere
269 2309 309 2344 et
329 2306 557 2345 inconsulte
580 2307 702 2345 dicta.
728 2308 830 2344 Sunt
852 2307 919 2357 qui
947 2307 1138 2353 llorbonii
1165 2307 1406 2354 Fetjray‘irmt,
1424 2309 1678 2358 praestantis-

96 2369 246 2407 simum
293 2368 530 2407 existiment
568 2372 897 2414 monumentum,
941 2380 1022 2418 quo
1063 2369 1338 2407 certissimum
1382 2369 1675 2408 documentum

93 2442 240 2482 capere
260 2430 467 2481 possimus
488 2432 620 2481 qualis
643 2431 766 2468 fuerit
793 2430 903 2480 apud
931 2430 1110 2480 majores
1138 2434 1303 2469 nostros
1331 2444 1397 2469 ars
1420 2431 1627 2469 metallica
1646 2433 1673 2469 ¹.

91 2493 180 2531 Non
210 2496 397 2530 nostrum
428 2492 507 2529 viri
541 2493 826 2530 auctoritatem
863 2492 1130 2542 perpendere.
1165 2493 1367 2537 Quocirca
1397 2504 1478 2530 non
1509 2495 1675 2543 poetam

91 2565 390 2605 prosequemur
409 2554 599 2592 minutim
627 2555 895 2592 disserentem
918 2553 966 2591 de
986 2565 1029 2592 re
1051 2554 1240 2592 ferraria.
1257 2555 1384 2593 Nobis
1400 2558 1540 2593 tamen
1555 2555 1675 2593 liceat

93 2615 170 2654 hos
198 2627 339 2654 versus
358 2627 601 2666 expromere
620 2616 770 2667 quibus
790 2615 1001 2654 fornacem
1022 2620 1240 2666 paternam
1262 2617 1481 2668 descripsit
1505 2629 1511 2653 :

375 2704 545 2743 Quadrata
566 2709 616 2737 est
633 2707 753 2743 ingens
778 2706 888 2736 Barswv
910 2715 1016 2747 prope
1039 2706 1193 2738 lluminis
1219 2706 1346 2738 undam

380 2752 581 2785 infabricata
604 2752 743 2795 quidem
766 2751 886 2789 moles,
910 2762 1013 2794 quam
1036 2753 1178 2784 nomine
1200 2752 1323 2785 dicunt

379 2801 579 2837 Fornacem,
602 2803 730 2832 structa
752 2802 804 2831 est
823 2798 915 2830 saxis
936 2798 1140 2837 vulgaribus
1164 2810 1170 2831 1
1195 2800 1289 2831 intus

379 2848 467 2879 Sunt
489 2846 600 2879 silices
622 2845 711 2882 duri,
733 2845 860 2888 quibus
883 2848 934 2877 est
958 2845 1113 2877 mirabile
1137 2846 1253 2883 robur,

157 2923 184 2952 4.
209 2921 369 2953 Ferraria
392 2923 611 2965 interpretatu
634 2925 685 2955 est
701 2922 821 2963 gallico
840 2932 857 2953 a
877 2921 916 2952 D.
936 2922 1166 2963 Duqucsnov„
1190 2922 1229 2954 ad
1252 2932 1353 2955 usum
1379 2922 1571 2954 fodinarum
1589 2931 1672 2964 prat-

96 2967 273 3006 fectorum,
299 2971 401 3011 atque
423 2969 549 3001 inserta
571 2969 665 3011 operi
687 2969 779 3011 dicto
800 2970 842 2999 les
866 2969 1014 2999 Annales
1031 2970 1084 2999 {les
1106 2969 1220 3000 Mines.
