1945 3256
574 177 628 208 DE
653 178 748 208 vi'rA
771 176 939 207 Nicomi
963 154 1178 206 ssonssoun'.
1627 178 1663 207 21

162 253 238 291 Sed
252 264 334 291 non
351 253 483 290 solum
501 253 739 291 vestiarium
761 255 905 297 vacat3
923 255 1046 289 vacat
1067 251 1191 288 etiam
1213 251 1315 288 cella
1337 251 1514 297 vinaria,
1533 253 1656 289 etiam

82 315 272 363 lignaria.
292 315 345 352 Ut
362 326 409 352 ea
427 318 564 352 autem
579 315 830 364 repleantur,
848 313 942 351 vide
961 313 1207 350 industriam
1230 324 1277 349 ac
1299 313 1509 350 solertiam
1522 313 1655 351 homi-

82 379 159 417 nis.
183 380 490 429 -—Argenteum
505 380 698 429 poculum
721 390 802 428 qno
824 378 1034 428 quondam
1057 376 1190 414 fuerat
1208 377 1385 414 donatus
1402 390 1425 414 a
1441 378 1660 415 Vuillelmo

81 441 282 487 Bostonog
301 441 670 479 Wuesmonasterii
686 439 994 485 etenobiarcha,
1013 456 1025 471 «
1047 450 1128 475 non
1145 439 1267 476 modo
1281 439 1474 476 servabat
1489 439 1660 487 diligen-

80 504 154 544 ter,
183 503 255 540 sed
282 502 321 539 in
351 503 508 540 deliciis
539 513 701 552 quoque
731 501 911 538 babebat
936 512 982 537 ae
1004 501 1178 537 subinde
1201 500 1343 537 amic1s
1364 500 1612 537 ostentabat.
1642 516 1654 533 »

82 564 150 600 Die
171 564 367 613 quadam,
386 576 409 600 a
429 563 619 613 prandio,
641 575 734 600 cum
758 563 955 600 memoria
977 565 1178 612 repeteret
1201 564 1357 611 quanta
1378 562 1462 599 vini
1484 561 1658 611 penuria

81 628 165 662 tum
186 625 291 663 forte
312 626 532 669 laboraret,
551 636 600 662 ex
621 627 805 674 tempore
828 624 922 661 fecit
943 624 1150 661 distichon
1173 635 1307 673 graece
1329 627 1367 661 et
1389 623 1529 669 latine,
1548 623 1657 673 quod

78 687 188 724 misit
210 687 260 723 ad
282 686 618 724 eienobiarcham
648 698 654 722 :

366 782 484 819 κοῖλον
503 780 579 831 ἐμοὶ
603 780 661 818 κἌὶ
681 780 847 833 ἀργύρεον
869 784 1027 833 κρατῆρχ
1049 780 1258 832 πέπομφας,

367 836 394 880 ὦ
413 842 574 881 κάλλιστ’
596 845 699 893 ἱερεῦ,
723 843 840 893 πέμπε
861 842 917 879 καὶ
939 842 1028 880 οἶνον
1049 842 1143 893 έμοί.

402 930 580 970 Ingentem
603 933 766 971 pateram,
788 933 968 971 argentum
992 930 1163 965 tornatile,
1184 929 1275 961 dono

402 976 536 1018 Optime
559 975 617 1008 (las
643 977 786 1017 prasul,
810 977 849 1008 da
876 978 957 1008 mibi
981 978 1058 1009 vina
1080 977 1182 1009 simul
1201 980 1224 1008 1.

155 1064 271 1100 Haud
295 1063 466 1100 dubium
490 1067 550 1101 est
578 1065 676 1113 quin
699 1064 991 1101 cnnnobiancha
1011 1065 1163 1114 duplex
1184 1064 1283 1101 illud
1305 1063 1526 1107 distichon,
1549 1063 1654 1100 sicut

74 1137 238 1175 aequum
261 1128 361 1168 erat,
388 1126 498 1163 dolio
521 1125 603 1162 vini
627 1126 859 1175 expendere
882 1127 1075 1163 voluerit.

154 1188 203 1225 Et
224 1198 317 1224 cum
338 1186 470 1236 frigus
491 1187 544 1224 sit
565 1187 751 1237 iniquum
768 1188 959 1224 tenuibus
976 1200 1022 1225 ac
1038 1180 1188 1225 macris
1203 1188 1461 1237 corpm'ibns,
1481 1187 1655 1224 hiberno

76 1248 228 1297 frigore
252 1249 498 1294 Borbonius,
529 1252 700 1299 propter
728 1249 827 1298 ligni
857 1250 1038 1300 inopiam
1068 1250 1218 1287 acriter
1243 1249 1518 1286 cruciabatur.
1544 1249 1656 1285 Tunc

74 1310 212 1349 videre
230 1314 318 1348 erat
336 1314 517 1360 poetam,
536 1323 736 1361 suspenso
754 1312 928 1355 calamo,
948 1324 1021 1361 per
1041 1312 1278 1349 cubiculum
1300 1311 1650 1351 deambulantem,

73 1373 275 1422 tantisper
305 1372 402 1409 dum
436 1373 632 1410 miserum
666 1373 745 1411 hoc
778 1385 897 1410 suum
929 1374 1219 1423 corpusculum
1250 1373 1437 1410 nonnihil
1466 1372 1657 1410 recalefe-

73 1435 208 1472 cisset.
230 1434 330 1472 Cum
361 1434 460 1472 satis
488 1435 639 1472 caleret
661 1437 699 1471 et
721 1435 864 1472 melius
887 1447 928 1472 se
951 1435 1136 1477 haberet,
1161 1435 1297 1473 studia
1319 1435 1532 1484 repetebat
1557 1447 1562 1470 :
1587 1434 1657 1471 sed

74 1496 187 1534 brevi
218 1508 384 1533 rursum
412 1496 637 1534 invadebat
664 1496 808 1545 frigus,
834 1497 943 1546 quod
968 1498 1007 1534 ni
1031 1501 1145 1534 motu
1169 1501 1206 1534 et
1234 1497 1461 1547 agitatione
1483 1496 1657 1546 propul-

72 1562 195 1602 saret,
224 1558 450 1608 periculum
473 1562 560 1596 erat
586 1574 598 1592 «
626 1570 675 1596 ne
697 1559 836 1596 statim
861 1571 1002 1597 versus
1025 1560 1063 1596 in
1087 1560 1265 1609 lapidem
1288 1559 1513 1607 obrigeret‚
1538 1561 1582 1595 ut
1608 1558 1657 1594 de

72 1620 199 1657 Niobe
219 1622 352 1670 poetae
375 1619 658 1657 fabulantur?
691 1637 702 1653 »
734 1621 828 1658 lllas
858 1621 1044 1658 miserias
1073 1621 1242 1659 cuilibet
1268 1632 1469 1671 generoso
1497 1620 1657 1657 homini

70 1681 304 1719 enarrabat.
331 1681 428 1725 Quis
449 1681 592 1729 igitur,
617 1685 733 1719 tanta
756 1682 994 1720 infelicitate
1020 1683 1175 1729 audita,
1201 1694 1282 1720 non
1307 1694 1348 1719 se
1373 1682 1511 1720 subita
1534 1681 1653 1718 mise—

68 1743 250 1780 ricordia
270 1746 437 1792 captum
461 1744 655 1781 sensisset
675 1755 748 1781 nec
770 1756 967 1793 magnum
996 1745 1097 1794 ligni
1124 1748 1374 1794 proventum
1402 1744 1454 1781 ad
1481 1746 1646 1793 poetam

71 1804 218 1842 deferri
233 1803 455 1854 jussisset?

148 1867 246 1904 Erat
272 1866 478 1905 Borbonio
507 1867 700 1906 famulus.
733 1879 814 1905 non
848 1868 1084 1905 illitteratus
1112 1868 1323 1918 quidem³‚
1349 1867 1455 1904 fidus
1482 1866 1646 1916 Borgio,

71 1938 163 1965 eum
186 1939 281 1978 quo,
303 1931 414 1966 terra
441 1929 640 1979 marique,
665 1930 850 1979 pericula
877 1930 1017 1967 omnia
1049 1941 1273 1979 omnesque
1302 1930 1463 1966 labores
1491 1928 1653 1966 fortiter

72 1989 247 2036 obierat,

299 2052 449 2084 Fortuna
468 2061 547 2084 cum
570 2052 682 2084 modis
705 2053 796 2085 bunc
817 2052 958 2095 perdere
978 2053 1145 2086 omnibns

299 2099 469 2140 Studeret‚
491 2103 524 2132 et
545 2099 647 2132 modo
670 2100 746 2135 bne,
774 2100 875 2132 modo
898 2100 979 2132 illuc
1001 2100 1159 2143 pelleret,

299 2148 341 2179 Ut
360 2146 460 2179 turbo
487 2148 578 2179 venti
604 2147 735 2189 paleam
757 2148 893 2179 inanem
920 2152 978 2180 aut
1000 2148 1192 2190 plumulam

502 2193 595 2225 Solet
614 2198 725 2226 rotare
741 2197 792 2226 4...

148 2279 380 2318 Borbonius
409 2292 522 2329 ergo,
546 2292 639 2318 eum
668 2282 818 2331 Borgio
855 2285 961 2320 esset
983 2282 1127 2332 jocoso
1156 2285 1279 2332 atque
1307 2282 1454 2320 festivo
1489 2282 1643 2327 animo,

65 2342 183 2392 jocos
205 2341 313 2379 illius
329 2345 368 2380 et
382 2342 551 2380 facetias
565 2343 605 2379 in
621 2343 769 2381 litteris
787 2344 871 2381 suis
887 2345 939 2381 ad
955 2344 1192 2395 przediviles
1211 2345 1366 2382 amicos
1384 2344 1653 2381 libentissime

72 2403 291 2447 inserebat,
313 2415 484 2453 sperans
500 2404 672 2442 forsitan
689 2416 739 2441 ex
754 2404 819 2442 his
832 2405 909 2442 sibi
926 2409 997 2444 aut
1012 2405 1207 2454 Bergioni
1224 2406 1379 2455 aliquid
1395 2406 1491 2443 boni
1505 2406 1651 2443 redun-

72 2465 265 2503 daturum
281 2466 310 2501 5.

134 2577 163 2606 1.
185 2575 300 2615 Nuyoe,
324 2576 375 2612 Vl,
400 2577 449 2612 40,
473 2578 523 2607 41.

133 2624 166 2653 2.
189 2622 338 2663 Epistola
360 2621 403 2653 ad
426 2621 634 2655 benevolum
656 2623 829 2660 lectorem,
853 2624 968 2664 Νῑιφε,
994 2625 1064 2656 ΠΙ.

134 2670 164 2700 3.
193 2668 326 2709 Borgio,
355 2668 529 2701 Borbonio
562 2670 589 2700 si
620 2670 781 2708 creditur,
811 2671 1000 2704 versiculos
1031 2681 1101 2703 non
1129 2671 1342 2713 ineleganter
1365 2671 1544 2704 condebat.
1577 2672 1653 2714 Ipse

73 2713 222 2747 indicem
254 2716 446 2748 carminum
477 2717 548 2748 heri
578 2717 629 2749 sui
660 2718 694 2748 in
728 2717 878 2750 editione
905 2718 1099 2760 Grypliiana
1127 2722 1368 2751 contentorum
1393 2719 1582 2751 contexuit.
1615 2738 1654 2743 —

76 2760 155 2793 Vide
179 2762 359 2803 Borgionis
381 2763 690 2804 przefatiuncnlam,
709 2775 739 2806 p.
763 2766 834 2796 5014.

136 2811 165 2839 4.
188 2809 305 2849 Nuyoe,
323 2809 408 2846 VIlI,
437 2811 503 2841 132.

134 2856 164 2886 5.
187 2854 276 2886 Illud
303 2855 431 2888 scilieet
457 2855 499 2887 ad
525 2856 747 2889 Vnillelmum
769 2859 959 2890 Bostonum
978 2857 1148 2890 scribebat
1172 2859 1363 2891 Borbonius
1388 2871 1393 2890 ;
1422 2873 1435 2888 «
1466 2860 1499 2890 Is
1528 2859 1651 2901 Borgio

73 2910 149 2933 cum
178 2900 343 2934 febricula
377 2901 560 2941 laboraret,
593 2913 631 2935 ac
652 2905 742 2936 Butti
770 2905 852 2945 regii
883 2904 1004 2936 medici
1028 2905 1226 2946 praescripto
1248 2904 1320 2938 dies
1349 2906 1491 2949 aliquot,
1517 2909 1653 2948 praeter,

74 2950 230 2979 naturam
252 2949 471 2992 patriumque
493 2959 634 2988 morem,
658 2961 675 2981 a
698 2950 779 2983 vino
800 2954 1035 2992 temperasset,
1054 2952 1087 2982 in
1113 2951 1272 2984 morbum
1296 2953 1490 2993 graviorem
1515 2951 1652 2985 incidit.
