1945 3256
208 204 246 234 72
767 204 821 235 DE
848 204 946 236 VITA
965 205 1018 236 ET
1039 204 1236 236 SCRleS.

288 280 378 318 Non
400 280 567 329 vig-ilias
586 281 738 331 probat
762 294 768 319 :
792 281 832 319 id
853 281 932 320 sibi
950 293 1198 333 persuasum
1220 281 1347 320 habet
1368 281 1470 319 nihil
1495 281 1593 319 boni
1615 292 1662 319 ac
1686 278 1791 318 sruc-

210 342 319 380 tuosi
342 354 362 380 c
384 345 587 381 nocturno
609 343 751 382 labore
773 344 864 382 elici
887 356 1023 395 posse.

455 445 544 486 Apta
569 453 689 486 parum
712 445 836 478 studiis
861 455 929 477 nox
951 449 1003 479 est
1027 459 1032 478 :
1054 447 1192 478 inimica
1213 446 1354 478 lucerna
1379 448 1444 486 est,

537 490 652 523 Noctis
674 501 761 532 opus
785 492 903 525 inultis
925 493 1062 526 exitiale
1085 494 1161 525 suit.

454 537 632 570 Nocturno
653 537 806 571 studium
827 549 897 571 non
921 543 974 572 est
992 539 1197 572 damnosius
1218 539 1353 577 ullum3

518 585 702 626 Ingenium
724 585 904 624 ol)tundit;
927 597 1071 630 corpora
1095 588 1181 620 sicca
1209 588 1298 619 fucit.

456 631 705 674 Inteinpestiva
730 636 780 665 est
803 632 928 666 studiis
951 644 1029 672 mm,
1054 633 1236 667 commoda
1257 634 1316 666 lux
1340 635 1391 665 est
1418 644 1423 664 z

518 679 606 711 Luce
629 678 725 711 labor
744 679 857 711 bonus
879 684 941 719 est,
964 685 996 713 et
1018 681 1106 713 bona
1129 684 1230 713 nocte
1250 681 1362 724 quies.

457 725 601 757 Pulchra
620 725 693 758 dies
715 727 830 769 operi3
854 737 922 759 nox
943 729 1109 760 convenit
1128 732 1198 760 atra
1221 729 1342 771 quieti,

519 773 600 804 Tam
624 772 711 805 bene
732 773 896 806 discrevit
919 778 1056 817 tempus
1072 778 1260 818 utrumque
1283 775 1389 806 Deus.

459 820 593 860 Surgite
613 819 655 852 ad
678 829 851 859 auroram,
874 822 990 862 pueri3
1017 822 1211 863 gratissima
1235 822 1343 854 musis

520 867 598 899 Hinc
618 870 682 906 est,
706 867 777 900 liwe
798 867 920 900 studiis
944 869 1025 901 liora
1047 868 1155 901 dicata
1178 869 1278 901 bonis
1302 871 1326 900 ¹.

287 963 460 1002 Necesse
481 964 559 1002 erit
582 965 760 1003 interdiu
782 965 921 1004 studia
943 966 1227 1004 intermittere.
1250 967 1340 1004 Non
1364 967 1401 1003 in
1425 966 1568 1003 eadem
1596 964 1707 1002 enim
1732 963 1792 1000 in·

209 1025 392 1064 tentione
410 1037 573 1077 semper
593 1027 808 1065 retinenda
830 1039 960 1073 inens,
983 1028 1054 1065 sed
1076 1029 1127 1066 ad
1149 1028 1264 1066 lusus
1285 1027 1452 1078 etjocos
1474 1025 1709 1065 revocanda
1734 1037 1740 1061 :

437 1118 516 1157 Vos,
539 1128 618 1150 cum
640 1120 777 1161 tempus
803 1119 867 1151 erit
886 1119 1031 1152 ludendi
1048 1123 1081 1152 et
1102 1120 1185 1152 sacta
1206 1122 1373 1162 potestas,

500 1164 633 1204 Ludite,
655 1169 827 1199 certantes
847 1168 1013 1204 carmine,
1035 1177 1130 1205 voce,
1153 1167 1239 1208 lyra.

436 1212 569 1255 Corpus
591 1216 623 1244 et
643 1213 822 1254 ingeniui‘n
845 1214 953 1245 reiicit
975 1214 1056 1256 pila,
1080 1215 1193 1246 luctus
1215 1224 1375 1246 anisrnus

501 1260 537 1292 Et
562 1260 702 1292 trochus
724 1264 756 1293 et
777 1260 875 1292 docta
900 1261 1032 1302 spliwra
1055 1264 1164 1293 rotata
1187 1272 1303 1293 manu.

437 1306 557 1339 Fallite
578 1316 659 1339 aves
680 1306 814 1350 laqueis
836 1308 1011 1339 interdum
1034 1312 1065 1340 et
1086 1308 1259 1340 arundine
1281 1309 1406 1350 pisces.

499 1353 596 1392 Quod
617 1354 724 1396 vulgo
746 1354 867 1387 dicunt
890 1366 895 1386 :
918 1356 1034 1387 omnia
1059 1360 1195 1397 teinpus
1214 1354 1339 1388 liabent
1361 1357 1385 1387 “-”.

292 1441 370 1480 Sed
402 1443 526 1481 etiam
553 1442 594 1480 in
623 1442 802 1480 ludendo
830 1444 970 1493 pueris
998 1444 1167 1494 quidam
1197 1443 1344 1481 modus
1375 1447 1436 1482 est
1464 1443 1717 1489 retinendus,
1748 1454 1797 1480 ne

211 1506 334 1542 niniis
356 1505 496 1542 ‹nnnia
517 1504 772 1555 profundant
787 1505 970 1556 elatique
990 1506 1205 1556 voluptate
1227 1506 1267 1542 in
1289 1506 1521 1543 officiorum
1545 1505 1798 1543 oblivionem

217 1568 495 1605 delabantur:

463 1665 529 1695 llos
551 1663 653 1696 ludos
676 1664 795 1705 probo,
820 1667 870 1696 set
890 1663 1013 1696 modus
1035 1668 1087 1696 est
1108 1663 1327 1697 adhibendus
1349 1665 1383 1696 iu
1407 1664 1487 1702 illis,

541 1710 580 1743 Id
600 1720 710 1752 graece
732 1711 832 1744 liceat
852 1710 965 1744 dicere
986 1714 1083 1754 μηδὲν
1110 1713 1190 1753 ἄγαν
1213 1714 1240 1744 3.

293 1810 395 1847 Sunt
426 1808 516 1846 :iliae
552 1808 741 1858 quaedam
770 1808 1088 1847 exercitationes
1115 1822 1207 1860 quse
1231 1810 1282 1847 ad
1313 1810 1583 1848 recreandum
1613 1809 1796 1847 animum

214 1883 447 1922 corpusque
489 1871 772 1908 roborandum
798 1872 1027 1922 plurimum
1055 1871 1237 1910 efficiant
1261 1885 1267 1909 1
1293 1873 1459 1910 venatio
1491 1872 1662 1919 scilicet,
1686 1872 1798 1922 equi-

213 1935 338 1980 tatio,
381 1933 551 1971 luctatio
592 1944 889 1984 armorumque
927 1934 1136 1972 tractatio.
1180 1935 1262 1972 Has
1305 1934 1473 1985 quidem
1516 1937 1646 1981 artes,
1693 1946 1797 1985 quas

215 2000 385 2034 veteres.
406 1995 631 2032 maximam
654 1996 947 2046 quasipartem
969 1996 1243 2044 educationis,
1262 2008 1410 2035 sumno
1426 1996 1563 2035 studio
1575 2008 1798 2047 proseque-

214 2059 379 2103 bantur,
405 2057 517 2094 haud
540 2058 699 2107 respuit
717 2057 969 2103 Borbonius3
995 2058 1066 2096 sed
1086 2058 1128 2096 id
1150 2062 1331 2097 metuere
1350 2059 1516 2097 videtur
1541 2070 1590 2096 ne
1606 2058 1795 2109 juvenes,

214 2120 279 2157 his
302 2120 409 2156 ludis
431 2118 601 2156 effusius
622 2119 900 2168 indulgentes,
925 2131 945 2157 e
965 2120 1092 2158 Musis
1113 2120 1165 2158 ad
1182 2121 1354 2159 Martem
1376 2120 1631 2158 dilabantur.

440 2211 627 2250 Arcipitres
650 2211 740 2243 alere
762 2214 793 2244 et
814 2212 948 2254 praedas
969 2216 1106 2255 captare
1126 2212 1289 2251 volando,

523 2259 688 2300 Relinque
713 2259 860 2291 incautis
887 2270 1015 2302 ponere
1036 2270 1110 2292 rara
1133 2261 1224 2298 feris,

440 2306 581 2336 I‘ascere
604 2316 711 2347 equos
733 2316 899 2348 acresque
916 2317 1029 2345 canes,
1052 2307 1262 2340 contendere
1282 2307 1373 2339 lucta

521 2352 705 2394 Hastisque
727 2356 760 2384 et
778 2352 900 2394 gladiis
926 2364 932 2385 :
956 2353 1102 2387 sortibus
1124 2355 1186 2386 ista
1210 2354 1357 2396 placent.

437 2399 559 2431 Tristia
583 2399 677 2431 nulla
699 2400 823 2431 animis
843 2401 968 2433 vestris
988 2400 1162 2434 advescite
1184 2401 1273 2433 bella
1292 2409 1301 2434 :

518 2447 706 2483 Saneuinei
728 2447 842 2480 ‹liruin
865 2447 1012 2491 linquite
1032 2449 1148 2481 Martis
1170 2458 1256 2491 opus
1277 2451 1301 2481 ἃ.

606 2573 678 2608 vll,
706 2592 743 2597 —
765 2578 844 2614 Qua·
866 2576 910 2608 ‚sit
930 2574 1125 2609 studiorum
1149 2576 1277 2620 optima
1300 2576 1399 2610 ratio.

245 2674 252 2684 ⁴
286 2690 318 2726 A
338 2689 558 2727 scolastica
574 2689 797 2740 disciplina
815 2691 1142 2742 nornoniusjam
1162 2693 1283 2743 longe
1303 2692 1552 2739 deseiscivit,
1577 2691 1647 2730 sed
1664 2691 1795 2729 inulto

210 2751 380 2800 gravius
402 2763 426 2788 a
445 2752 657 2790 veteribus
692 2753 933 2802 pafdagogis
968 2754 1243 2802 abalienatur,
1274 2766 1367 2793 cum
1398 2754 1440 2793 in
1465 2753 1698 2805 Pcedaqoqio
1726 2756 1798 2791 aut

273 2854 297 2883 1.
320 2852 436 2893 Νιιῃη»,
460 2852 501 2891 Il,
524 2854 574 2884 3⁰.

269 2901 299 2930 2.
324 2899 578 2940 Pae'edaqoyium.

270 2947 300 2976 3.
321 2946 568 2986 Pzedayoyinm.

270 2993 301 3023 4.
325 2992 569 3032 Pzedayoyiwn.
