1945 3256
259 201 363 239 QUID
387 201 442 232 DE
466 201 702 234 PUERORUM
726 202 1023 255 INSTlTUTIOiFE
1047 201 1253 233 SENSERIT
1275 202 1529 237 BORBONlUs.
1641 208 1679 238 65

88 279 130 315 in
146 279 332 329 margine
356 279 544 330 inscripti
568 283 662 318 sunt
687 293 694 317 :
723 280 843 327 Dens,
870 301 917 308 —
951 278 1098 325 Adam,
1124 302 1173 306 —
1197 278 1358 329 Stgmiets
1377 284 1535 322 satelles
1554 284 1669 325 Saca-

88 351 174 384 mzs,
196 363 246 367 —
266 340 407 380 Omnes
441 352 515 390 per
547 340 678 380 Adam
704 345 985 391 peccaverunt.
1024 364 1075 368 —
1098 340 1285 380 Christus
1309 344 1493 391 patribus
1525 346 1579 386 {m
1613 352 1671 387 est

85 401 346 451 patrem-cleis>
376 402 611 451 proveisms,
636 426 686 430 —-
704 403 800 450 Lem,
833 426 882 430 —
902 403 1108 441 Adventus
1142 403 1190 440 D.
1225 403 1392 449 Christi,
1417 428 1466 433 —-
1488 406 1673 447 Christus

87 463 198 513 quid,
221 485 271 491 --
303 463 438 508 Fide-5,
474 464 549 502 Dea·
578 465 739 509 (Ionum,
773 487 819 493 —
840 465 1041 503 Fitlele'um
1074 464 1197 503 ardor
1227 469 1263 503 et
1292 467 1442 514 simlia,
1472 491 1524 495 —
1544 469 1672 509 Diras

91 524 256 571 Paulus,
281 547 328 552 —-
351 524 478 574 Opem
511 526 609 564 bona
639 525 886 564 Christianis
910 526 1144 569 everrenda,
1170 548 1219 553 —
1243 526 1377 573 Fides,
1413 529 1534 569 arbor
1556 531 1668 574 Itone,

88 608 137 613 —
157 585 316 636 Spiritu
337 586 420 625 oris
436 586 502 625 sm·
525 587 718 638 interficit
738 587 905 637 impium
929 587 1255 636 Clere'stusjmle.r
1273 589 1457 639 sasemis,
1483 613 1527 619 —
1548 592 1673 632 Sacra

91 647 218 686 Bihlm
239 659 312 686 cur
334 648 442 686 nobis
464 648 632 696 tradita,
663 671 713 675 —
744 648 823 687 Deo
858 648 1003 698 optimo
1030 653 1067 686 et
1096 649 1273 688 wictre'mo
1297 650 1382 689 laus
1414 656 1451 691 et
1484 654 1614 704 yloria
1632 655 1675 693 in,

87 710 232 748 siecum
252 710 491 748 ‚seculorem
510 711 538 746 ¹.

165 771 224 809 Ne
241 772 333 822 quis
367 771 508 809 credat
535 783 584 809 ea
610 783 698 809 esse
720 775 883 810 tantum
916 772 1209 822 theologorum
1237 773 1413 814 officinm
1440 789 1446 813 :
1471 781 1567 816 sunt
1588 791 1673 817 ma-

89 832 209 882 gistri
231 832 446 883 cujusque,
470 832 696 871 dummodo
718 833 1033 883 religiosissime
1053 846 1100 872 ac
1128 835 1436 875 modestissime
1458 839 1507 877 de
1529 840 1611 878 Deo
1633 845 1672 879 et

87 894 240 945 pietate
261 894 489 932 christiana
510 894 753 933 disseratur.
784 910 797 930 «
823 896 926 944 Ego,
952 896 1087 946 inquit
1115 896 1361 943 Borhonius,
1386 911 1480 937 cum
1510 901 1673 940 videam

88 955 228 1003 hodie,
261 968 344 994 non
378 956 511 994 solum
545 956 739 1003 arduum,
775 960 836 995 set
876 957 1156 1007 periculosum
1190 959 1315 997 etiam
1349 972 1436 999 esse
1468 974 1598 1001 novos
1625 964 1675 1002 de

86 1018 287 1067 religione
308 1018 437 1056 libros
459 1018 595 1065 edere,
618 1019 729 1069 quod
752 1019 801 1057 de
830 1020 1079 1057 monstrosis
1113 1021 1365 1070 quibusdam
1387 1024 1510 1062 sectis
1538 1037 1585 1063 ac
1609 1038 1676 1064 ne-

87 1079 277 1117 cessariis
311 1080 578 1130 opinionibus
617 1081 774 1131 passim
813 1092 1003 1118 rumores
1036 1081 1304 1132 dissipentur„
1347 1096 1419 1122 oro
1449 1097 1522 1124 vos
1550 1091 1673 1138 atque

88 1140 271 1179 obtestor
292 1153 365 1191 per
384 1142 535 1187 Musas,
557 1142 640 1179 imo
662 1154 737 1192 per
759 1154 923 1181 crucem
947 1143 1199 1194 quicumque
1228 1145 1383 1196 scripta
1411 1159 1505 1185 mea
1539 1149 1674 1198 legere

88 1202 335 1252 dignamini,
372 1206 415 1241 ut
449 1215 695 1254 persuasum
729 1203 918 1242 habeatis
952 1205 1208 1243 Borbonium
1242 1206 1346 1244 nihil
1381 1208 1517 1247 adhuc
1543 1222 1676 1261 neque

88 1265 256 1312 serium,
275 1277 407 1316 neque
423 1266 629 1303 ludicrum
646 1266 870 1317 quicquam
887 1267 1117 1318 scripsisse,
1136 1271 1208 1306 aut
1223 1268 1475 1319 scripturum
1491 1284 1675 1323 unquam

88 1338 191 1374 esse,
204 1328 314 1378 quod
325 1327 617 1377 theologorum
629 1331 751 1378 atque
767 1328 1191 1379 eruditorumjudicio
1202 1331 1322 1368 subdi
1336 1332 1452 1371 nolit.
1467 1334 1553 1384 Ego
1566 1336 1675 1373 enim

88 1389 121 1427 is
143 1401 233 1427 sum
255 1390 323 1440 qui
347 1389 451 1426 nihil
472 1393 625 1427 temere
648 1390 797 1437 dicere,
821 1391 925 1427 nihil
948 1392 1219 1441 pertinaciter
1246 1404 1291 1430 ac
1325 1394 1546 1444 prtefracte
1576 1409 1675 1435 con-

88 1454 151 1489 tra
172 1455 383 1502 receptum
408 1451 575 1489 vivendi
598 1463 756 1489 morem
780 1464 1018 1490 asseverare
1041 1453 1081 1490 in
1103 1454 1288 1492 animum
1312 1456 1595 1497 induxerim...
1616 1459 1629 1481 2
1658 1476 1672 1495 »

165 1514 278 1551 Hanc
310 1514 439 1563 igitur
472 1514 621 1563 legem,
652 1526 777 1564 quam
812 1514 863 1551 al)
892 1526 971 1552 avo
1004 1515 1165 1553 Joanne
1197 1517 1395 1566 puerulus
1432 1520 1672 1567 retinuerat,

86 1575 388 1613 observandam
408 1575 485 1613 sibi
508 1578 546 1613 et
568 1576 660 1613 aliis
681 1587 845 1626 semper
867 1577 1084 1626 proposuit
1108 1589 1115 1615 :
1140 1601 1189 1606 —-
1216 1595 1228 1611 «
1256 1580 1353 1623 Qua·
1376 1584 1472 1619 sunt
1493 1583 1611 1621 nohis
1625 1585 1676 1622 ah

85 1636 330 1675 orthodoxis
350 1640 415 1683 τῆς
436 1636 626 1683 ἐκκλησίας
648 1641 687 1675 et
707 1649 731 1675 a
754 1638 912 1676 sanctis
936 1639 1130 1677 Patribus
1161 1640 1317 1678 tradita
1347 1643 1566 1682 verissima
1587 1657 1675 1685 esse

85 1698 240 1737 credito
262 1699 421 1749 tibique
444 1699 694 1749 persuadeto
728 1699 895 1737 veriora
930 1711 1017 1737 esse
1052 1713 1177 1751 quam
1200 1714 1292 1752 qua)
1323 1705 1509 1754 corporis
1543 1709 1674 1747 oculis

84 1761 238 1806 cernis,
262 1761 434 1798 auribus
456 1761 589 1806 audis,
615 1761 808 1798 manibus
829 1765 1079 1808 contrectas,
1104 1766 1179 1801 etc.
1218 1765 1255 1798 3»

160 1823 242 1861 Nec
265 1825 402 1861 tamen
425 1822 635 1861 Borbonio
657 1822 735 1860 suit
756 1835 867 1861 caeca
890 1823 1005 1861 [ides.
1036 1824 1394 1868 Quemadmodum
1417 1830 1519 1868 nihil
1536 1833 1670 1882 magis

84 1883 199 1922 decet
219 1884 433 1923 hominem
456 1897 582 1935 quam
604 1885 738 1935 pietas
762 1897 808 1923 ac
831 1887 1066 1923 reverentia
1086 1888 1281 1935 numinis,
1305 1889 1363 1927 ita
1375 1894 1669 1942 superstitione

81 1950 421 1997 praeposteraque
443 1947 644 1996 religione
666 1946 768 1983 nihil
793 1948 930 1985 minus
953 1948 1094 1986 decere
1116 1949 1327 1988 hominem
1350 1952 1477 1992 ducit.

160 2008 265 2046 Illud
287 2020 453 2060 quoque
475 2009 515 2046 in
537 2012 705 2046 auctore
735 2012 878 2047 nostro
910 2009 1166 2048 laudandum
1196 2015 1271 2059 est,
1305 2015 1430 2063 quod,
1461 2028 1554 2055 cum
1576 2020 1667 2057 reli-

81 2069 203 2118 gione
219 2069 308 2121 Jam
330 2071 576 2109 exarderent
596 2071 676 2109 viri
698 2071 761 2108 sui
784 2072 998 2121 temporis,
1019 2072 1200 2111 fanatico
1222 2086 1386 2125 semper
1414 2077 1454 2114 in
1482 2079 1667 2120 docendo

81 2133 261 2171 caruerit
291 2133 445 2180 animo,
476 2144 621 2184 pacem
648 2144 746 2171 vero
776 2144 823 2171 ac
852 2134 1117 2172 concordiam
1152 2135 1193 2173 in
1231 2137 1344 2174 omni
1378 2149 1422 2176 re
1453 2151 1664 2181 commen-

85 2192 246 2232 daverit
269 2207 275 2232 :

328 2306 422 2340 Pacis
443 2318 564 2341 amaus
586 2311 705 2342 noster
725 2310 816 2342 Deus
838 2312 888 2342 est
911 2319 917 2339 :
941 2318 1057 2351 pacem
1077 2318 1157 2351 ergo
1179 2309 1346 2350 colamus,

370 2354 449 2393 Nos,
471 2356 530 2398 qui
553 2355 652 2388 illum
676 2357 855 2399 sequimur
870 2356 1150 2398 suspicimusque
1166 2358 1311 2389 Patrem.

328 2400 436 2435 Filius
457 2405 508 2434 cst
528 2403 632 2444 pacis,
658 2403 717 2445 qui
740 2402 788 2434 nil
809 2412 879 2435 non
900 2402 1069 2435 candidus
1090 2414 1189 2447 {equo

368 2449 446 2481 Fert
466 2449 582 2482 animo
603 2453 635 2482 et
656 2450 753 2482 novit
773 2450 832 2492 qui
856 2449 1035 2482 maledicta
1059 2451 1139 2492 pati.

327 2495 381 2527 Sic
401 2495 567 2528 dominus
589 2497 664 2529 vult
685 2506 760 2529 esse
782 2505 875 2534 suos,
897 2497 957 2539 qui
981 2500 1097 2529 mutus
1119 2501 1152 2530 et
1171 2508 1259 2540 agno

431 2543 556 2581 Mitior,
580 2544 622 2575 ad
645 2547 788 2577 mortem
811 2553 888 2575 cuin
910 2547 1099 2586 raperetur,
1123 2549 1194 2578 erat
1216 2549 1239 2577 ³0.

161 2653 239 2691 Sed
263 2666 311 2692 ne
342 2655 462 2706 plura
491 2668 642 2703 morer,
669 2656 734 2694 hic
756 2668 923 2693 carmen
948 2657 1272 2696 transm-ibamus
1302 2672 1382 2709 quo
1407 2663 1546 2711 pueris
1567 2664 1664 2702 Bor-

84 2715 232 2753 honius
254 2716 386 2766 legem
409 2718 623 2756 constituit
645 2730 736 2769 quae
757 2719 960 2768 magistra
984 2719 1078 2756 vita·
1101 2718 1148 2756 ch
1159 2720 1339 2759 ristinaa¹
1363 2734 1451 2760 esse
1474 2724 1607 2763 (lebet.

146 2838 172 2867 sl.
200 2836 320 2868 Tabell.
344 2837 517 2876 Etement„
540 2848 572 2880 p.
595 2839 635 2869 36
652 2841 685 2871 et
705 2840 755 2871 37.

143 2884 173 2914 2.
200 2883 323 2915 Tabell.
346 2885 520 2923 Element„
544 2896 575 2927 p.
598 2887 649 2917 32.

144 2933 173 2960 23.
200 2931 322 2962 Tuben.
346 2932 519 2970 filamont„
543 2944 576 2974 1⁴-
598 2934 648 2964 413.

144 2978 174 3008 41.
202 2978 446 3018 I'anlaywyium.
