<?xml version="1.0" encoding="UTF-8"?>
<!DOCTYPE html PUBLIC "-//W3C//DTD XHTML 1.0 Transitional//EN"
    "http://www.w3.org/TR/xhtml1/DTD/xhtml1-transitional.dtd">
<html xmlns="http://www.w3.org/1999/xhtml" xml:lang="en" lang="en">
 <head>
  <title>
</title>
<meta http-equiv="Content-Type" content="text/html;charset=utf-8" />
  <meta name='ocr-system' content='tesseract 3.04.00' />
  <meta name='ocr-capabilities' content='ocr_page ocr_carea ocr_par ocr_line ocrx_word'/>
</head>
<body>
  <div class='ocr_page' id='page_1' title='image "./devitaetscriptis00carruoft_0098.png"; bbox 0 0 1945 3256; ppageno 0'>
   <div class='ocr_carea' id='block_1_1' title="bbox 255 258 1281 292">
    <p class='ocr_par' dir='ltr' id='par_1_1' title="bbox 255 258 1281 292">
     <span class='ocr_line' id='line_1_1' title="bbox 255 258 1281 292; baseline 0 -3"><span class='ocrx_word' id='word_1_1' title='bbox 255 259 293 289; x_wconf 81' lang='lat'>68</span> <span class='ocrx_word' id='word_1_2' title='bbox 813 259 868 290; x_wconf 87' lang='lat' dir='ltr'>DE</span> <span class='ocrx_word' id='word_1_3' title='bbox 890 259 987 292; x_wconf 81' lang='lat' dir='ltr'><strong>VITA</strong></span> <span class='ocrx_word' id='word_1_4' title='bbox 1007 260 1058 291; x_wconf 92' lang='lat' dir='ltr'>ET</span> <span class='ocrx_word' id='word_1_5' title='bbox 1083 258 1281 292; x_wconf 84' lang='lat' dir='ltr'>SCRIPTIS.</span> 
     </span>
    </p>
   </div>
   <div class='ocr_carea' id='block_1_2' title="bbox 251 334 1848 698">
    <p class='ocr_par' dir='ltr' id='par_1_2' title="bbox 251 334 1848 698">
     <span class='ocr_line' id='line_1_2' title="bbox 256 334 1845 388; baseline 0.002 -15"><span class='ocrx_word' id='word_1_6' title='bbox 256 336 378 383; x_wconf 85' lang='lat' dir='ltr'>forte,</span> <span class='ocrx_word' id='word_1_7' title='bbox 404 336 508 373; x_wconf 90' lang='lat' dir='ltr'>nihil</span> <span class='ocrx_word' id='word_1_8' title='bbox 535 335 728 374; x_wconf 87' lang='lat' dir='ltr'>solidum.</span> <span class='ocrx_word' id='word_1_9' title='bbox 765 337 855 375; x_wconf 67' lang='lat' dir='ltr'>Non</span> <span class='ocrx_word' id='word_1_10' title='bbox 898 338 1009 388; x_wconf 84' lang='lat' dir='ltr'>quod</span> <span class='ocrx_word' id='word_1_11' title='bbox 1035 350 1197 377; x_wconf 89' lang='lat' dir='ltr'>omnem</span> <span class='ocrx_word' id='word_1_12' title='bbox 1234 334 1589 387; x_wconf 86' lang='lat' dir='ltr'>pulchritudinem</span> <span class='ocrx_word' id='word_1_13' title='bbox 1623 337 1845 387; x_wconf 80' lang='lat' dir='ltr'>repudiet:</span> 
     </span>
     <span class='ocr_line' id='line_1_3' title="bbox 257 397 1848 449; baseline 0.001 -12"><span class='ocrx_word' id='word_1_14' title='bbox 257 398 343 445; x_wconf 81' lang='lat' dir='ltr'>sed,</span> <span class='ocrx_word' id='word_1_15' title='bbox 368 410 461 436; x_wconf 85' lang='lat' dir='ltr'>cum</span> <span class='ocrx_word' id='word_1_16' title='bbox 484 398 810 449; x_wconf 78' lang='lat' dir='ltr'>pulchritudinis</span> <span class='ocrx_word' id='word_1_17' title='bbox 833 399 914 437; x_wconf 89' lang='lat' dir='ltr'>duo</span> <span class='ocrx_word' id='word_1_18' title='bbox 937 412 1091 449; x_wconf 82' lang='lat' dir='ltr'>genera</span> <span class='ocrx_word' id='word_1_19' title='bbox 1115 400 1210 439; x_wconf 81' lang='lat' dir='ltr'>sint,</span> <span class='ocrx_word' id='word_1_20' title='bbox 1236 409 1413 448; x_wconf 79' lang='lat' dir='ltr'>quorum</span> <span class='ocrx_word' id='word_1_21' title='bbox 1437 397 1478 434; x_wconf 90' lang='lat' dir='ltr'>in</span> <span class='ocrx_word' id='word_1_22' title='bbox 1501 397 1629 436; x_wconf 84' lang='lat' dir='ltr'>altero</span> <span class='ocrx_word' id='word_1_23' title='bbox 1652 402 1848 438; x_wconf 79' lang='lat' dir='ltr'>venustas</span> 
     </span>
     <span class='ocr_line' id='line_1_4' title="bbox 255 458 1842 509; baseline 0.001 -11"><span class='ocrx_word' id='word_1_24' title='bbox 255 461 321 508; x_wconf 87' lang='lat' dir='ltr'>sit,</span> <span class='ocrx_word' id='word_1_25' title='bbox 346 461 387 498; x_wconf 91' lang='lat' dir='ltr'>in</span> <span class='ocrx_word' id='word_1_26' title='bbox 409 461 539 499; x_wconf 87' lang='lat' dir='ltr'>altero</span> <span class='ocrx_word' id='word_1_27' title='bbox 562 460 759 509; x_wconf 79' lang='lat' dir='ltr'>dIgnitas,</span> <span class='ocrx_word' id='word_1_28' title='bbox 784 465 1045 500; x_wconf 73' lang='lat' dir='ltr'>venustatem</span> <span class='ocrx_word' id='word_1_29' title='bbox 1069 460 1313 499; x_wconf 77' lang='lat' dir='ltr'>muliebrem</span> <span class='ocrx_word' id='word_1_30' title='bbox 1335 458 1463 506; x_wconf 86' lang='lat' dir='ltr'>ducit,</span> <span class='ocrx_word' id='word_1_31' title='bbox 1481 458 1728 508; x_wconf 81' lang='lat' dir='ltr'>dignitatem</span> <span class='ocrx_word' id='word_1_32' title='bbox 1743 472 1842 500; x_wconf 89' lang='lat' dir='ltr'>vero</span> 
     </span>
     <span class='ocr_line' id='line_1_5' title="bbox 253 521 1837 572; baseline 0 -12"><span class='ocrx_word' id='word_1_33' title='bbox 253 522 430 560; x_wconf 89' lang='lat' dir='ltr'>virilem.</span> <span class='ocrx_word' id='word_1_34' title='bbox 460 523 571 571; x_wconf 85' lang='lat' dir='ltr'>Ergo</span> <span class='ocrx_word' id='word_1_35' title='bbox 607 522 657 559; x_wconf 87' lang='lat' dir='ltr'>ab</span> <span class='ocrx_word' id='word_1_36' title='bbox 692 522 1026 562; x_wconf 82' lang='lat' dir='ltr'>adolescentibus</span> <span class='ocrx_word' id='word_1_37' title='bbox 1056 522 1261 561; x_wconf 88' lang='lat' dir='ltr'>removeri</span> <span class='ocrx_word' id='word_1_38' title='bbox 1296 521 1385 559; x_wconf 90' lang='lat' dir='ltr'>vult</span> <span class='ocrx_word' id='word_1_39' title='bbox 1420 532 1586 559; x_wconf 89' lang='lat' dir='ltr'>omnem</span> <span class='ocrx_word' id='word_1_40' title='bbox 1620 521 1837 572; x_wconf 83' lang='lat' dir='ltr'>indignum</span> 
     </span>
     <span class='ocr_line' id='line_1_6' title="bbox 251 583 1836 634; baseline 0 -11"><span class='ocrx_word' id='word_1_41' title='bbox 251 585 341 623; x_wconf 86' lang='lat' dir='ltr'>viro</span> <span class='ocrx_word' id='word_1_42' title='bbox 364 587 572 631; x_wconf 87' lang='lat' dir='ltr'>ornatum,</span> <span class='ocrx_word' id='word_1_43' title='bbox 599 585 670 622; x_wconf 88' lang='lat' dir='ltr'>sed</span> <span class='ocrx_word' id='word_1_44' title='bbox 687 584 855 622; x_wconf 87' lang='lat' dir='ltr'>cosdem</span> <span class='ocrx_word' id='word_1_45' title='bbox 876 585 926 622; x_wconf 85' lang='lat' dir='ltr'>ad</span> <span class='ocrx_word' id='word_1_46' title='bbox 943 585 1139 623; x_wconf 87' lang='lat' dir='ltr'>decorum</span> <span class='ocrx_word' id='word_1_47' title='bbox 1157 585 1213 622; x_wconf 84' lang='lat' dir='ltr'>ita</span> <span class='ocrx_word' id='word_1_48' title='bbox 1228 583 1480 634; x_wconf 84' lang='lat' dir='ltr'>comparari,</span> <span class='ocrx_word' id='word_1_49' title='bbox 1498 585 1543 621; x_wconf 92' lang='lat' dir='ltr'>ut</span> <span class='ocrx_word' id='word_1_50' title='bbox 1556 586 1670 622; x_wconf 86' lang='lat' dir='ltr'>totus</span> <span class='ocrx_word' id='word_1_51' title='bbox 1685 585 1836 631; x_wconf 88' lang='lat' dir='ltr'>cultus,</span> 
     </span>
     <span class='ocr_line' id='line_1_7' title="bbox 251 645 1840 698; baseline -0.001 -12"><span class='ocrx_word' id='word_1_52' title='bbox 251 649 406 693; x_wconf 90' lang='lat' dir='ltr'>vultus,</span> <span class='ocrx_word' id='word_1_53' title='bbox 430 650 574 697; x_wconf 88' lang='lat' dir='ltr'>gestus</span> <span class='ocrx_word' id='word_1_54' title='bbox 596 649 634 685; x_wconf 88' lang='lat' dir='ltr'>et</span> <span class='ocrx_word' id='word_1_55' title='bbox 655 646 824 684; x_wconf 89' lang='lat' dir='ltr'>habitus</span> <span class='ocrx_word' id='word_1_56' title='bbox 841 648 1027 697; x_wconf 83' lang='lat' dir='ltr'>corporis</span> <span class='ocrx_word' id='word_1_57' title='bbox 1050 648 1274 698; x_wconf 87' lang='lat' dir='ltr'>ingenuam</span> <span class='ocrx_word' id='word_1_58' title='bbox 1296 645 1544 684; x_wconf 72' lang='lat' dir='ltr'>modestiam</span> <span class='ocrx_word' id='word_1_59' title='bbox 1577 648 1616 684; x_wconf 90' lang='lat' dir='ltr'>et</span> <span class='ocrx_word' id='word_1_60' title='bbox 1638 657 1840 685; x_wconf 88' lang='lat' dir='ltr'>verecun-</span> 
     </span>
    </p>
   </div>
   <div class='ocr_carea' id='block_1_3' title="bbox 249 708 915 760">
    <p class='ocr_par' dir='ltr' id='par_1_3' title="bbox 249 708 915 760">
     <span class='ocr_line' id='line_1_8' title="bbox 249 708 915 760; baseline -0.005 -11"><span class='ocrx_word' id='word_1_61' title='bbox 249 711 345 749; x_wconf 88' lang='lat' dir='ltr'>dam</span> <span class='ocrx_word' id='word_1_62' title='bbox 368 710 548 748; x_wconf 84' lang='lat' dir='ltr'>indolem</span> <span class='ocrx_word' id='word_1_63' title='bbox 570 720 655 760; x_wconf 77' lang='lat' dir='ltr'>prae</span> <span class='ocrx_word' id='word_1_64' title='bbox 687 720 729 746; x_wconf 88' lang='lat' dir='ltr'>se</span> <span class='ocrx_word' id='word_1_65' title='bbox 750 708 884 747; x_wconf 85' lang='lat' dir='ltr'>ferant</span> <span class='ocrx_word' id='word_1_66' title='bbox 909 721 915 746; x_wconf 91' lang='lat'><strong>:</strong></span> 
     </span>
    </p>
   </div>
   <div class='ocr_carea' id='block_1_4' title="bbox 529 801 1459 1080">
    <p class='ocr_par' dir='ltr' id='par_1_4' title="bbox 536 801 1345 892">
     <span class='ocr_line' id='line_1_9' title="bbox 536 801 1288 845; baseline -0.004 -9"><span class='ocrx_word' id='word_1_67' title='bbox 536 803 601 836; x_wconf 85' lang='lat' dir='ltr'>Ore</span> <span class='ocrx_word' id='word_1_68' title='bbox 622 801 819 835; x_wconf 82' lang='lat' dir='ltr'>verecundo</span> <span class='ocrx_word' id='word_1_69' title='bbox 842 802 891 834; x_wconf 87' lang='lat' dir='ltr'>sic</span> <span class='ocrx_word' id='word_1_70' title='bbox 910 802 1119 845; x_wconf 81' lang='lat' dir='ltr'>respondete</span> <span class='ocrx_word' id='word_1_71' title='bbox 1135 801 1288 843; x_wconf 75' lang='lat' dir='ltr'>roganti3</span> 
     </span>
     <span class='ocr_line' id='line_1_10' title="bbox 575 849 1345 892; baseline -0.003 -11"><span class='ocrx_word' id='word_1_72' title='bbox 575 851 651 884; x_wconf 77' lang='lat' dir='ltr'>Sint</span> <span class='ocrx_word' id='word_1_73' title='bbox 672 853 709 881; x_wconf 86' lang='lat' dir='ltr'>ut</span> <span class='ocrx_word' id='word_1_74' title='bbox 730 849 764 881; x_wconf 92' lang='lat' dir='ltr'>in</span> <span class='ocrx_word' id='word_1_75' title='bbox 786 849 898 881; x_wconf 80' lang='lat' dir='ltr'>oflicio</span> <span class='ocrx_word' id='word_1_76' title='bbox 921 849 1057 892; x_wconf 74' lang='lat' dir='ltr'>singula</span> <span class='ocrx_word' id='word_1_77' title='bbox 1080 849 1231 882; x_wconf 82' lang='lat' dir='ltr'>membra</span> <span class='ocrx_word' id='word_1_78' title='bbox 1255 858 1316 881; x_wconf 82' lang='lat' dir='ltr'>suo</span> <span class='ocrx_word' id='word_1_79' title='bbox 1338 860 1345 879; x_wconf 76' lang='grc' dir='ltr'>ε</span> 
     </span>
    </p>

    <p class='ocr_par' dir='ltr' id='par_1_5' title="bbox 535 894 1459 986">
     <span class='ocr_line' id='line_1_11' title="bbox 535 894 1459 938; baseline -0.002 -9"><span class='ocrx_word' id='word_1_80' title='bbox 535 898 646 930; x_wconf 81' lang='lat' dir='ltr'>Frons</span> <span class='ocrx_word' id='word_1_81' title='bbox 669 896 798 932; x_wconf 84' lang='lat' dir='ltr'>hilaris,</span> <span class='ocrx_word' id='word_1_82' title='bbox 822 897 977 938; x_wconf 76' lang='lat' dir='ltr'>rectique</span> <span class='ocrx_word' id='word_1_83' title='bbox 1000 897 1102 933; x_wconf 89' lang='lat' dir='ltr'>oculi,</span> <span class='ocrx_word' id='word_1_84' title='bbox 1127 896 1300 928; x_wconf 81' lang='lat' dir='ltr'>modulata</span> <span class='ocrx_word' id='word_1_85' title='bbox 1324 894 1459 934; x_wconf 71' lang='lat' dir='ltr'>labella,</span> 
     </span>
     <span class='ocr_line' id='line_1_12' title="bbox 575 943 1390 986; baseline -0.001 -10"><span class='ocrx_word' id='word_1_86' title='bbox 575 946 636 976; x_wconf 83' lang='lat' dir='ltr'>Pes</span> <span class='ocrx_word' id='word_1_87' title='bbox 659 943 804 982; x_wconf 81' lang='lat' dir='ltr'>stabilis,</span> <span class='ocrx_word' id='word_1_88' title='bbox 830 944 921 975; x_wconf 81' lang='lat' dir='ltr'>naris</span> <span class='ocrx_word' id='word_1_89' title='bbox 944 946 1092 981; x_wconf 70' lang='lat' dir='ltr'>maneta,</span> <span class='ocrx_word' id='word_1_90' title='bbox 1116 944 1231 986; x_wconf 81' lang='lat' dir='ltr'>quieta</span> <span class='ocrx_word' id='word_1_91' title='bbox 1255 953 1390 975; x_wconf 78' lang='lat' dir='ltr'>manus.</span> 
     </span>
    </p>

    <p class='ocr_par' dir='ltr' id='par_1_6' title="bbox 529 990 1376 1080">
     <span class='ocr_line' id='line_1_13' title="bbox 529 990 1376 1032; baseline -0.004 -8"><span class='ocrx_word' id='word_1_92' title='bbox 529 993 566 1024; x_wconf 90' lang='lat' dir='ltr'>ln</span> <span class='ocrx_word' id='word_1_93' title='bbox 591 1001 726 1023; x_wconf 85' lang='lat' dir='ltr'>summa</span> <span class='ocrx_word' id='word_1_94' title='bbox 747 990 831 1023; x_wconf 78' lang='lat' dir='ltr'>tales</span> <span class='ocrx_word' id='word_1_95' title='bbox 854 991 922 1022; x_wconf 87' lang='lat' dir='ltr'>sint</span> <span class='ocrx_word' id='word_1_96' title='bbox 945 994 1013 1023; x_wconf 81' lang='lat' dir='ltr'>toto</span> <span class='ocrx_word' id='word_1_97' title='bbox 1036 991 1070 1022; x_wconf 91' lang='lat' dir='ltr'>in</span> <span class='ocrx_word' id='word_1_98' title='bbox 1092 1000 1236 1032; x_wconf 80' lang='lat' dir='ltr'>corpore</span> <span class='ocrx_word' id='word_1_99' title='bbox 1258 993 1376 1031; x_wconf 82' lang='lat' dir='ltr'>gestus</span> 
     </span>
     <span class='ocr_line' id='line_1_14' title="bbox 570 1037 1371 1080; baseline -0.004 -9"><span class='ocrx_word' id='word_1_100' title='bbox 570 1038 741 1071; x_wconf 81' lang='lat' dir='ltr'>Omnibus</span> <span class='ocrx_word' id='word_1_101' title='bbox 763 1041 800 1070; x_wconf 89' lang='lat' dir='ltr'>ut</span> <span class='ocrx_word' id='word_1_102' title='bbox 821 1037 879 1070; x_wconf 82' lang='lat' dir='ltr'>liat</span> <span class='ocrx_word' id='word_1_103' title='bbox 900 1047 998 1070; x_wconf 87' lang='lat' dir='ltr'>mens</span> <span class='ocrx_word' id='word_1_104' title='bbox 1021 1047 1187 1080; x_wconf 80' lang='lat' dir='ltr'>generosa</span> <span class='ocrx_word' id='word_1_105' title='bbox 1211 1037 1324 1080; x_wconf 81' lang='lat' dir='ltr'>palam</span> <span class='ocrx_word' id='word_1_106' title='bbox 1348 1040 1371 1068; x_wconf 87' lang='lat'>¹.</span> 
     </span>
    </p>
   </div>
   <div class='ocr_carea' id='block_1_5' title="bbox 228 1132 1825 1690">
    <p class='ocr_par' dir='ltr' id='par_1_7' title="bbox 228 1132 1825 1690">
     <span class='ocr_line' id='line_1_15' title="bbox 316 1132 1823 1189; baseline -0.003 -11"><span class='ocrx_word' id='word_1_107' title='bbox 316 1132 505 1189; x_wconf 79' lang='lat' dir='ltr'>Magistri</span> <span class='ocrx_word' id='word_1_108' title='bbox 540 1136 665 1175; x_wconf 79' lang='lat' dir='ltr'>medii</span> <span class='ocrx_word' id='word_1_109' title='bbox 698 1134 777 1174; x_wconf 74' lang='lat' dir='ltr'>aevi</span> <span class='ocrx_word' id='word_1_110' title='bbox 800 1135 960 1173; x_wconf 85' lang='lat' dir='ltr'>cultum</span> <span class='ocrx_word' id='word_1_111' title='bbox 995 1146 1042 1172; x_wconf 84' lang='lat' dir='ltr'>ac</span> <span class='ocrx_word' id='word_1_112' title='bbox 1073 1134 1322 1172; x_wconf 81' lang='lat' dir='ltr'>munditiam</span> <span class='ocrx_word' id='word_1_113' title='bbox 1354 1134 1474 1185; x_wconf 90' lang='lat' dir='ltr'>parvi</span> <span class='ocrx_word' id='word_1_114' title='bbox 1509 1134 1731 1180; x_wconf 79' lang='lat' dir='ltr'>faciebant,</span> <span class='ocrx_word' id='word_1_115' title='bbox 1769 1137 1823 1182; x_wconf 80' lang='lat' dir='ltr'>et,</span> 
     </span>
     <span class='ocr_line' id='line_1_16' title="bbox 238 1196 1825 1245; baseline -0.005 -3"><span class='ocrx_word' id='word_1_116' title='bbox 238 1203 454 1243; x_wconf 80' lang='lat' dir='ltr'>Rabelaeso</span> <span class='ocrx_word' id='word_1_117' title='bbox 476 1200 509 1239; x_wconf 85' lang='lat' dir='ltr'>si</span> <span class='ocrx_word' id='word_1_118' title='bbox 532 1197 760 1245; x_wconf 76' lang='lat' dir='ltr'>creditur2,</span> <span class='ocrx_word' id='word_1_119' title='bbox 784 1209 872 1234; x_wconf 89' lang='lat' dir='ltr'>rem</span> <span class='ocrx_word' id='word_1_120' title='bbox 904 1208 986 1235; x_wconf 89' lang='lat' dir='ltr'>non</span> <span class='ocrx_word' id='word_1_121' title='bbox 1020 1197 1295 1245; x_wconf 78' lang='lat' dir='ltr'>incongruam</span> <span class='ocrx_word' id='word_1_122' title='bbox 1331 1199 1369 1234; x_wconf 92' lang='lat' dir='ltr'>et</span> <span class='ocrx_word' id='word_1_123' title='bbox 1403 1196 1642 1235; x_wconf 82' lang='lat' dir='ltr'>indecoram</span> <span class='ocrx_word' id='word_1_124' title='bbox 1677 1197 1825 1236; x_wconf 85' lang='lat' dir='ltr'>existi-</span> 
     </span>
     <span class='ocr_line' id='line_1_17' title="bbox 239 1258 1824 1310; baseline -0.005 -6"><span class='ocrx_word' id='word_1_125' title='bbox 239 1265 410 1304; x_wconf 86' lang='lat' dir='ltr'>mabant</span> <span class='ocrx_word' id='word_1_126' title='bbox 435 1279 449 1298; x_wconf 87' lang='lat'>«</span> <span class='ocrx_word' id='word_1_127' title='bbox 476 1261 772 1301; x_wconf 73' lang='lat' dir='ltr'>Atamanorwn</span> <span class='ocrx_word' id='word_1_128' title='bbox 796 1259 857 1297; x_wconf 72' lang='lat' dir='ltr'>uti</span> <span class='ocrx_word' id='word_1_129' title='bbox 882 1258 1056 1308; x_wconf 68' lang='lat' dir='ltr'>pectine,</span> <span class='ocrx_word' id='word_1_130' title='bbox 1081 1258 1122 1295; x_wconf 89' lang='lat' dir='ltr'>id</span> <span class='ocrx_word' id='word_1_131' title='bbox 1144 1261 1205 1297; x_wconf 85' lang='lat' dir='ltr'>est</span> <span class='ocrx_word' id='word_1_132' title='bbox 1229 1262 1411 1309; x_wconf 89' lang='lat' dir='ltr'>quatuor</span> <span class='ocrx_word' id='word_1_133' title='bbox 1437 1258 1579 1308; x_wconf 82' lang='lat' dir='ltr'>digitis</span> <span class='ocrx_word' id='word_1_134' title='bbox 1601 1262 1639 1297; x_wconf 90' lang='lat' dir='ltr'>et</span> <span class='ocrx_word' id='word_1_135' title='bbox 1659 1259 1824 1310; x_wconf 88' lang='lat' dir='ltr'>pollice,</span> 
     </span>
     <span class='ocr_line' id='line_1_18' title="bbox 234 1320 1825 1370; baseline -0.005 -4"><span class='ocrx_word' id='word_1_136' title='bbox 234 1328 400 1366; x_wconf 87' lang='lat' dir='ltr'>irritum</span> <span class='ocrx_word' id='word_1_137' title='bbox 421 1328 560 1363; x_wconf 90' lang='lat' dir='ltr'>autem</span> <span class='ocrx_word' id='word_1_138' title='bbox 582 1323 767 1360; x_wconf 86' lang='lat' dir='ltr'>laborem</span> <span class='ocrx_word' id='word_1_139' title='bbox 790 1321 983 1359; x_wconf 88' lang='lat' dir='ltr'>dicebant</span> <span class='ocrx_word' id='word_1_140' title='bbox 1005 1320 1157 1358; x_wconf 82' lang='lat' dir='ltr'>cultius</span> <span class='ocrx_word' id='word_1_141' title='bbox 1191 1331 1233 1357; x_wconf 89' lang='lat' dir='ltr'>se</span> <span class='ocrx_word' id='word_1_142' title='bbox 1261 1323 1440 1370; x_wconf 81' lang='lat' dir='ltr'>pectere,</span> <span class='ocrx_word' id='word_1_143' title='bbox 1476 1321 1618 1358; x_wconf 87' lang='lat' dir='ltr'>lavare</span> <span class='ocrx_word' id='word_1_144' title='bbox 1639 1332 1685 1358; x_wconf 87' lang='lat' dir='ltr'>ac</span> <span class='ocrx_word' id='word_1_145' title='bbox 1707 1332 1825 1358; x_wconf 92' lang='lat' dir='ltr'>mun-</span> 
     </span>
     <span class='ocr_line' id='line_1_19' title="bbox 236 1381 1823 1428; baseline -0.005 0"><span class='ocrx_word' id='word_1_146' title='bbox 236 1390 334 1428; x_wconf 86' lang='lat' dir='ltr'>dare</span> <span class='ocrx_word' id='word_1_147' title='bbox 360 1404 393 1425; x_wconf 84' lang='grc'>».</span> <span class='ocrx_word' id='word_1_148' title='bbox 418 1387 478 1425; x_wconf 87' lang='lat' dir='ltr'>Ab</span> <span class='ocrx_word' id='word_1_149' title='bbox 501 1386 551 1423; x_wconf 91' lang='lat' dir='ltr'>iis</span> <span class='ocrx_word' id='word_1_150' title='bbox 573 1383 765 1422; x_wconf 85' lang='lat' dir='ltr'>dissentit</span> <span class='ocrx_word' id='word_1_151' title='bbox 786 1382 1035 1428; x_wconf 88' lang='lat' dir='ltr'>Borhonius,</span> <span class='ocrx_word' id='word_1_152' title='bbox 1060 1393 1157 1419; x_wconf 83' lang='lat' dir='ltr'>nam</span> <span class='ocrx_word' id='word_1_153' title='bbox 1186 1393 1279 1419; x_wconf 92' lang='lat' dir='ltr'>cum</span> <span class='ocrx_word' id='word_1_154' title='bbox 1303 1381 1450 1420; x_wconf 61' lang='lat' dir='ltr'>litterae</span> <span class='ocrx_word' id='word_1_155' title='bbox 1474 1382 1558 1420; x_wconf 87' lang='lat' dir='ltr'>sint</span> <span class='ocrx_word' id='word_1_156' title='bbox 1578 1386 1823 1421; x_wconf 89' lang='lat' dir='ltr'>ornamenta</span> 
     </span>
     <span class='ocr_line' id='line_1_20' title="bbox 234 1443 1820 1496; baseline -0.005 -6"><span class='ocrx_word' id='word_1_157' title='bbox 234 1451 469 1492; x_wconf 89' lang='lat' dir='ltr'>hominum,</span> <span class='ocrx_word' id='word_1_158' title='bbox 493 1459 562 1486; x_wconf 89' lang='lat' dir='ltr'>eas</span> <span class='ocrx_word' id='word_1_159' title='bbox 583 1458 665 1485; x_wconf 87' lang='lat' dir='ltr'>non</span> <span class='ocrx_word' id='word_1_160' title='bbox 689 1445 806 1483; x_wconf 88' lang='lat' dir='ltr'>decet</span> <span class='ocrx_word' id='word_1_161' title='bbox 838 1444 977 1482; x_wconf 85' lang='lat' dir='ltr'>sedem</span> <span class='ocrx_word' id='word_1_162' title='bbox 1011 1443 1166 1481; x_wconf 87' lang='lat' dir='ltr'>habere</span> <span class='ocrx_word' id='word_1_163' title='bbox 1199 1455 1318 1481; x_wconf 88' lang='lat' dir='ltr'>suam</span> <span class='ocrx_word' id='word_1_164' title='bbox 1343 1443 1383 1481; x_wconf 93' lang='lat' dir='ltr'>in</span> <span class='ocrx_word' id='word_1_165' title='bbox 1418 1444 1610 1494; x_wconf 88' lang='lat' dir='ltr'>squalido</span> <span class='ocrx_word' id='word_1_166' title='bbox 1633 1455 1820 1496; x_wconf 86' lang='lat' dir='ltr'>corpore.</span> 
     </span>
     <span class='ocr_line' id='line_1_21' title="bbox 228 1506 1825 1556; baseline -0.005 -3"><span class='ocrx_word' id='word_1_167' title='bbox 228 1512 473 1553; x_wconf 77' lang='lat' dir='ltr'>Adhibenda</span> <span class='ocrx_word' id='word_1_168' title='bbox 495 1509 716 1556; x_wconf 79' lang='lat' dir='ltr'>munditia,</span> <span class='ocrx_word' id='word_1_169' title='bbox 750 1511 795 1545; x_wconf 91' lang='lat' dir='ltr'>ut</span> <span class='ocrx_word' id='word_1_170' title='bbox 834 1509 974 1544; x_wconf 86' lang='lat' dir='ltr'>monet</span> <span class='ocrx_word' id='word_1_171' title='bbox 996 1506 1154 1544; x_wconf 89' lang='lat' dir='ltr'>Tullius</span> <span class='ocrx_word' id='word_1_172' title='bbox 1172 1506 1203 1553; x_wconf 81' lang='lat'>³,</span> <span class='ocrx_word' id='word_1_173' title='bbox 1227 1517 1309 1544; x_wconf 89' lang='lat' dir='ltr'>non</span> <span class='ocrx_word' id='word_1_174' title='bbox 1331 1506 1540 1556; x_wconf 79' lang='lat' dir='ltr'>exquisita</span> <span class='ocrx_word' id='word_1_175' title='bbox 1553 1506 1692 1553; x_wconf 88' lang='lat' dir='ltr'>nimis,</span> <span class='ocrx_word' id='word_1_176' title='bbox 1716 1506 1825 1545; x_wconf 88' lang='lat' dir='ltr'>sicut</span> 
     </span>
     <span class='ocr_line' id='line_1_22' title="bbox 231 1567 1821 1627; baseline -0.006 -12"><span class='ocrx_word' id='word_1_177' title='bbox 231 1575 431 1627; x_wconf 83' lang='lat' dir='ltr'>fugienda</span> <span class='ocrx_word' id='word_1_178' title='bbox 449 1571 625 1623; x_wconf 87' lang='lat' dir='ltr'>agrestis</span> <span class='ocrx_word' id='word_1_179' title='bbox 646 1569 915 1620; x_wconf 79' lang='lat' dir='ltr'>negligentia.</span> <span class='ocrx_word' id='word_1_180' title='bbox 941 1568 1094 1606; x_wconf 84' lang='lat' dir='ltr'>Eadem</span> <span class='ocrx_word' id='word_1_181' title='bbox 1127 1568 1235 1605; x_wconf 88' lang='lat' dir='ltr'>ratio</span> <span class='ocrx_word' id='word_1_182' title='bbox 1270 1571 1330 1606; x_wconf 90' lang='lat' dir='ltr'>est</span> <span class='ocrx_word' id='word_1_183' title='bbox 1355 1567 1551 1606; x_wconf 88' lang='lat' dir='ltr'>habenda</span> <span class='ocrx_word' id='word_1_184' title='bbox 1573 1568 1748 1607; x_wconf 87' lang='lat' dir='ltr'>vestitus</span> <span class='ocrx_word' id='word_1_185' title='bbox 1779 1568 1821 1606; x_wconf 90' lang='lat' dir='ltr'>in</span> 
     </span>
     <span class='ocr_line' id='line_1_23' title="bbox 231 1630 1501 1690; baseline -0.008 -12"><span class='ocrx_word' id='word_1_186' title='bbox 231 1650 329 1690; x_wconf 84' lang='lat' dir='ltr'>quo,</span> <span class='ocrx_word' id='word_1_187' title='bbox 354 1637 461 1676; x_wconf 90' lang='lat' dir='ltr'>sicut</span> <span class='ocrx_word' id='word_1_188' title='bbox 479 1636 521 1673; x_wconf 93' lang='lat' dir='ltr'>in</span> <span class='ocrx_word' id='word_1_189' title='bbox 541 1633 750 1685; x_wconf 85' lang='lat' dir='ltr'>plerisque</span> <span class='ocrx_word' id='word_1_190' title='bbox 771 1631 910 1677; x_wconf 70' lang='lat' dir='ltr'>rebus7</span> <span class='ocrx_word' id='word_1_191' title='bbox 936 1630 1203 1668; x_wconf 86' lang='lat' dir='ltr'>mediocritas</span> <span class='ocrx_word' id='word_1_192' title='bbox 1224 1630 1384 1681; x_wconf 88' lang='lat' dir='ltr'>optima</span> <span class='ocrx_word' id='word_1_193' title='bbox 1405 1633 1466 1669; x_wconf 87' lang='lat' dir='ltr'>est</span> <span class='ocrx_word' id='word_1_194' title='bbox 1490 1641 1501 1668; x_wconf 89' lang='lat'>:-</span> 
     </span>
    </p>
   </div>
   <div class='ocr_carea' id='block_1_6' title="bbox 495 1733 1541 1865">
    <p class='ocr_par' dir='ltr' id='par_1_8' title="bbox 495 1733 1541 1865">
     <span class='ocr_line' id='line_1_24' title="bbox 495 1733 1480 1780; baseline -0.005 -10"><span class='ocrx_word' id='word_1_195' title='bbox 495 1739 539 1771; x_wconf 87' lang='lat' dir='ltr'>Os</span> <span class='ocrx_word' id='word_1_196' title='bbox 561 1735 688 1780; x_wconf 72' lang='lat' dir='ltr'>aquilla</span> <span class='ocrx_word' id='word_1_197' title='bbox 711 1738 743 1767; x_wconf 83' lang='lat' dir='ltr'>et</span> <span class='ocrx_word' id='word_1_198' title='bbox 763 1734 886 1767; x_wconf 88' lang='lat' dir='ltr'>dentes</span> <span class='ocrx_word' id='word_1_199' title='bbox 907 1733 1068 1776; x_wconf 77' lang='lat' dir='ltr'>oculique</span> <span class='ocrx_word' id='word_1_200' title='bbox 1091 1743 1286 1776; x_wconf 78' lang='lat' dir='ltr'>manusque</span> <span class='ocrx_word' id='word_1_201' title='bbox 1308 1733 1480 1772; x_wconf 81' lang='lat' dir='ltr'>laventur,</span> 
     </span>
     <span class='ocr_line' id='line_1_25' title="bbox 558 1781 1324 1825; baseline -0.005 -9"><span class='ocrx_word' id='word_1_202' title='bbox 558 1783 771 1825; x_wconf 67' lang='lat' dir='ltr'>Czesarieque</span> <span class='ocrx_word' id='word_1_203' title='bbox 791 1785 928 1823; x_wconf 84' lang='lat' dir='ltr'>compta</span> <span class='ocrx_word' id='word_1_204' title='bbox 949 1783 1110 1822; x_wconf 80' lang='lat' dir='ltr'>cultaque</span> <span class='ocrx_word' id='word_1_205' title='bbox 1130 1781 1238 1812; x_wconf 85' lang='lat' dir='ltr'>vestis</span> <span class='ocrx_word' id='word_1_206' title='bbox 1260 1783 1324 1813; x_wconf 80' lang='lat' dir='ltr'>eat.</span> 
     </span>
     <span class='ocr_line' id='line_1_26' title="bbox 497 1826 1541 1865; baseline -0.005 -1"><span class='ocrx_word' id='word_1_207' title='bbox 497 1833 551 1864; x_wconf 88' lang='lat' dir='ltr'>Sic</span> <span class='ocrx_word' id='word_1_208' title='bbox 571 1834 698 1865; x_wconf 79' lang='lat' dir='ltr'>tamen,</span> <span class='ocrx_word' id='word_1_209' title='bbox 721 1832 758 1861; x_wconf 88' lang='lat' dir='ltr'>ut</span> <span class='ocrx_word' id='word_1_210' title='bbox 777 1831 895 1860; x_wconf 82' lang='lat' dir='ltr'>vestro</span> <span class='ocrx_word' id='word_1_211' title='bbox 917 1828 951 1859; x_wconf 91' lang='lat' dir='ltr'>in</span> <span class='ocrx_word' id='word_1_212' title='bbox 973 1827 1068 1859; x_wconf 86' lang='lat' dir='ltr'>cultu</span> <span class='ocrx_word' id='word_1_213' title='bbox 1091 1826 1215 1859; x_wconf 87' lang='lat' dir='ltr'>modus</span> <span class='ocrx_word' id='word_1_214' title='bbox 1237 1827 1328 1860; x_wconf 87' lang='lat' dir='ltr'>adsit</span> <span class='ocrx_word' id='word_1_215' title='bbox 1351 1838 1357 1859; x_wconf 88' lang='lat'><strong>:</strong></span> <span class='ocrx_word' id='word_1_216' title='bbox 1381 1826 1423 1859; x_wconf 84' lang='lat' dir='ltr'>ab</span> <span class='ocrx_word' id='word_1_217' title='bbox 1445 1828 1541 1860; x_wconf 90' lang='lat' dir='ltr'>omni</span> 
     </span>
    </p>
   </div>
   <div class='ocr_carea' id='block_1_7' title="bbox 556 1873 1336 1917">
    <p class='ocr_par' dir='ltr' id='par_1_9' title="bbox 556 1873 1336 1917">
     <span class='ocr_line' id='line_1_27' title="bbox 556 1873 1336 1917; baseline -0.005 -7"><span class='ocrx_word' id='word_1_218' title='bbox 556 1877 699 1911; x_wconf 81' lang='lat' dir='ltr'>Mollitie</span> <span class='ocrx_word' id='word_1_219' title='bbox 716 1879 749 1908; x_wconf 82' lang='lat' dir='ltr'>et</span> <span class='ocrx_word' id='word_1_220' title='bbox 769 1875 853 1908; x_wconf 75' lang='lat' dir='ltr'>luxu</span> <span class='ocrx_word' id='word_1_221' title='bbox 876 1884 937 1908; x_wconf 87' lang='lat' dir='ltr'>vos</span> <span class='ocrx_word' id='word_1_222' title='bbox 960 1873 1081 1917; x_wconf 86' lang='lat' dir='ltr'>procul</span> <span class='ocrx_word' id='word_1_223' title='bbox 1104 1884 1180 1907; x_wconf 81' lang='lat' dir='ltr'>esse</span> <span class='ocrx_word' id='word_1_224' title='bbox 1205 1874 1289 1907; x_wconf 90' lang='lat' dir='ltr'>volo</span> <span class='ocrx_word' id='word_1_225' title='bbox 1312 1877 1336 1906; x_wconf 58' lang='lat'>4.</span> 
     </span>
    </p>
   </div>
   <div class='ocr_carea' id='block_1_8' title="bbox 488 1986 1552 2043">
    <p class='ocr_par' dir='ltr' id='par_1_10' title="bbox 488 1986 1552 2043">
     <span class='ocr_line' id='line_1_28' title="bbox 488 1986 1552 2043; baseline -0.006 -6"><span class='ocrx_word' id='word_1_226' title='bbox 488 2005 540 2037; x_wconf 79' lang='lat' dir='ltr'>lv.</span> <span class='ocrx_word' id='word_1_227' title='bbox 562 2022 601 2028; x_wconf 88' lang='lat'>—</span> <span class='ocrx_word' id='word_1_228' title='bbox 618 1986 801 2041; x_wconf 75' lang='lat' dir='ltr'>‘Quoddam</span> <span class='ocrx_word' id='word_1_229' title='bbox 823 2000 928 2034; x_wconf 85' lang='lat' dir='ltr'>decus</span> <span class='ocrx_word' id='word_1_230' title='bbox 953 2000 987 2032; x_wconf 90' lang='lat' dir='ltr'>in</span> <span class='ocrx_word' id='word_1_231' title='bbox 1008 1999 1113 2032; x_wconf 87' lang='lat' dir='ltr'>rebus</span> <span class='ocrx_word' id='word_1_232' title='bbox 1135 1999 1289 2032; x_wconf 80' lang='lat' dir='ltr'>classicis</span> <span class='ocrx_word' id='word_1_233' title='bbox 1310 1999 1552 2043; x_wconf 79' lang='lat' dir='ltr'>quaerendum.</span> 
     </span>
    </p>
   </div>
   <div class='ocr_carea' id='block_1_9' title="bbox 224 2122 1812 2361">
    <p class='ocr_par' dir='ltr' id='par_1_11' title="bbox 224 2122 1812 2361">
     <span class='ocr_line' id='line_1_29' title="bbox 309 2122 1812 2174; baseline -0.006 -2"><span class='ocrx_word' id='word_1_234' title='bbox 309 2133 351 2172; x_wconf 90' lang='lat' dir='ltr'>ld</span> <span class='ocrx_word' id='word_1_235' title='bbox 373 2130 478 2170; x_wconf 85' lang='lat' dir='ltr'>sexti</span> <span class='ocrx_word' id='word_1_236' title='bbox 500 2127 650 2167; x_wconf 76' lang='lat' dir='ltr'>decimi</span> <span class='ocrx_word' id='word_1_237' title='bbox 685 2124 824 2164; x_wconf 67' lang='lat' dir='ltr'>steculi</span> <span class='ocrx_word' id='word_1_238' title='bbox 859 2123 1077 2174; x_wconf 83' lang='lat' dir='ltr'>proprium</span> <span class='ocrx_word' id='word_1_239' title='bbox 1108 2126 1169 2162; x_wconf 80' lang='lat' dir='ltr'>est</span> <span class='ocrx_word' id='word_1_240' title='bbox 1193 2123 1370 2174; x_wconf 86' lang='lat' dir='ltr'>probam</span> <span class='ocrx_word' id='word_1_241' title='bbox 1392 2122 1707 2174; x_wconf 84' lang='lat' dir='ltr'>legitimamque</span> <span class='ocrx_word' id='word_1_242' title='bbox 1736 2124 1812 2163; x_wconf 85' lang='lat' dir='ltr'>ele-</span> 
     </span>
     <span class='ocr_line' id='line_1_30' title="bbox 228 2183 1809 2248; baseline -0.008 -12"><span class='ocrx_word' id='word_1_243' title='bbox 228 2196 431 2248; x_wconf 86' lang='lat' dir='ltr'>gantiam,</span> <span class='ocrx_word' id='word_1_244' title='bbox 456 2192 497 2229; x_wconf 90' lang='lat' dir='ltr'>id</span> <span class='ocrx_word' id='word_1_245' title='bbox 518 2189 629 2241; x_wconf 88' lang='lat' dir='ltr'>quod</span> <span class='ocrx_word' id='word_1_246' title='bbox 651 2187 783 2226; x_wconf 55' lang='lat' dir='ltr'>Graeci</span> <span class='ocrx_word' id='word_1_247' title='bbox 804 2186 1143 2224; x_wconf 83' lang='lat' dir='ltr'>nominaverumt</span> <span class='ocrx_word' id='word_1_248' title='bbox 1163 2183 1202 2222; x_wconf 78' lang='grc' dir='ltr'>τὸ</span> <span class='ocrx_word' id='word_1_249' title='bbox 1223 2183 1370 2237; x_wconf 74' lang='grc' dir='ltr'>πρέπον,</span> <span class='ocrx_word' id='word_1_250' title='bbox 1395 2185 1436 2222; x_wconf 92' lang='lat' dir='ltr'>in</span> <span class='ocrx_word' id='word_1_251' title='bbox 1464 2185 1577 2222; x_wconf 90' lang='lat' dir='ltr'>omni</span> <span class='ocrx_word' id='word_1_252' title='bbox 1599 2197 1640 2223; x_wconf 92' lang='lat' dir='ltr'>re</span> <span class='ocrx_word' id='word_1_253' title='bbox 1663 2188 1809 2236; x_wconf 55' lang='lat' dir='ltr'>quaeri.</span> 
     </span>
     <span class='ocr_line' id='line_1_31' title="bbox 224 2247 1812 2299; baseline -0.007 -1"><span class='ocrx_word' id='word_1_254' title='bbox 224 2261 306 2298; x_wconf 88' lang='lat' dir='ltr'>Nec</span> <span class='ocrx_word' id='word_1_255' title='bbox 326 2257 426 2296; x_wconf 87' lang='lat' dir='ltr'>satis</span> <span class='ocrx_word' id='word_1_256' title='bbox 446 2253 727 2292; x_wconf 84' lang='lat' dir='ltr'>adolescentes</span> <span class='ocrx_word' id='word_1_257' title='bbox 749 2260 836 2287; x_wconf 89' lang='lat' dir='ltr'>esse</span> <span class='ocrx_word' id='word_1_258' title='bbox 857 2247 1044 2286; x_wconf 87' lang='lat' dir='ltr'>honestis</span> <span class='ocrx_word' id='word_1_259' title='bbox 1067 2259 1113 2285; x_wconf 89' lang='lat' dir='ltr'>ac</span> <span class='ocrx_word' id='word_1_260' title='bbox 1134 2247 1384 2298; x_wconf 85' lang='lat' dir='ltr'>perurbanis</span> <span class='ocrx_word' id='word_1_261' title='bbox 1405 2247 1593 2285; x_wconf 88' lang='lat' dir='ltr'>moribus</span> <span class='ocrx_word' id='word_1_262' title='bbox 1615 2248 1812 2299; x_wconf 87' lang='lat' dir='ltr'>cultuque</span> 
     </span>
     <span class='ocr_line' id='line_1_32' title="bbox 224 2308 1806 2361; baseline -0.008 0"><span class='ocrx_word' id='word_1_263' title='bbox 224 2323 374 2361; x_wconf 88' lang='lat' dir='ltr'>decoro</span> <span class='ocrx_word' id='word_1_264' title='bbox 397 2328 444 2355; x_wconf 88' lang='lat' dir='ltr'>ac</span> <span class='ocrx_word' id='word_1_265' title='bbox 465 2312 726 2358; x_wconf 76' lang='lat' dir='ltr'>verecund03</span> <span class='ocrx_word' id='word_1_266' title='bbox 751 2311 792 2349; x_wconf 92' lang='lat' dir='ltr'>in</span> <span class='ocrx_word' id='word_1_267' title='bbox 812 2310 936 2348; x_wconf 88' lang='lat' dir='ltr'>rebus</span> <span class='ocrx_word' id='word_1_268' title='bbox 958 2309 1141 2347; x_wconf 89' lang='lat' dir='ltr'>classicis</span> <span class='ocrx_word' id='word_1_269' title='bbox 1163 2308 1341 2347; x_wconf 83' lang='lat' dir='ltr'>artifices</span> <span class='ocrx_word' id='word_1_270' title='bbox 1362 2309 1649 2359; x_wconf 85' lang='lat' dir='ltr'>probatissimi</span> <span class='ocrx_word' id='word_1_271' title='bbox 1669 2314 1806 2349; x_wconf 89' lang='lat' dir='ltr'>sunto.</span> 
     </span>
    </p>
   </div>
   <div class='ocr_carea' id='block_1_10' title="bbox 223 2370 1436 2434">
    <p class='ocr_par' dir='ltr' id='par_1_12' title="bbox 223 2370 1436 2434">
     <span class='ocr_line' id='line_1_33' title="bbox 223 2370 1436 2434; baseline -0.012 -12"><span class='ocrx_word' id='word_1_272' title='bbox 223 2385 269 2423; x_wconf 91' lang='lat' dir='ltr'>Id</span> <span class='ocrx_word' id='word_1_273' title='bbox 291 2380 460 2434; x_wconf 88' lang='lat' dir='ltr'>quidem</span> <span class='ocrx_word' id='word_1_274' title='bbox 480 2377 522 2415; x_wconf 89' lang='lat' dir='ltr'>in</span> <span class='ocrx_word' id='word_1_275' title='bbox 540 2372 774 2425; x_wconf 65' lang='lat' dir='ltr'>Pseclagyoffio</span> <span class='ocrx_word' id='word_1_276' title='bbox 794 2384 868 2411; x_wconf 89' lang='lat' dir='ltr'>suo</span> <span class='ocrx_word' id='word_1_277' title='bbox 890 2371 1149 2423; x_wconf 77' lang='lat' dir='ltr'>praescripsit</span> <span class='ocrx_word' id='word_1_278' title='bbox 1168 2370 1403 2408; x_wconf 85' lang='lat' dir='ltr'>Borbonius</span> <span class='ocrx_word' id='word_1_279' title='bbox 1429 2383 1436 2408; x_wconf 91' lang='lat'>:</span> 
     </span>
    </p>
   </div>
   <div class='ocr_carea' id='block_1_11' title="bbox 530 2474 1393 2656">
    <p class='ocr_par' dir='ltr' id='par_1_13' title="bbox 532 2474 1392 2566">
     <span class='ocr_line' id='line_1_34' title="bbox 532 2474 1382 2517; baseline -0.008 -5"><span class='ocrx_word' id='word_1_280' title='bbox 532 2478 688 2514; x_wconf 72' lang='lat' dir='ltr'>Scribite,</span> <span class='ocrx_word' id='word_1_281' title='bbox 710 2479 754 2508; x_wconf 74' lang='lat' dir='ltr'>set</span> <span class='ocrx_word' id='word_1_282' title='bbox 774 2479 858 2508; x_wconf 72' lang='lat' dir='ltr'>recte</span> <span class='ocrx_word' id='word_1_283' title='bbox 876 2479 903 2507; x_wconf 80' lang='lat' dir='ltr'>et</span> <span class='ocrx_word' id='word_1_284' title='bbox 924 2475 1040 2513; x_wconf 74' lang='lat' dir='ltr'>nitide,</span> <span class='ocrx_word' id='word_1_285' title='bbox 1064 2474 1244 2517; x_wconf 81' lang='lat' dir='ltr'>signisque</span> <span class='ocrx_word' id='word_1_286' title='bbox 1266 2476 1382 2506; x_wconf 82' lang='lat' dir='ltr'>notate</span> 
     </span>
     <span class='ocr_line' id='line_1_35' title="bbox 571 2520 1392 2566; baseline -0.007 -9"><span class='ocrx_word' id='word_1_287' title='bbox 571 2524 692 2557; x_wconf 82' lang='lat' dir='ltr'>Omnia</span> <span class='ocrx_word' id='word_1_288' title='bbox 715 2533 792 2566; x_wconf 68' lang='lat' dir='ltr'>qua·</span> <span class='ocrx_word' id='word_1_289' title='bbox 813 2522 949 2565; x_wconf 81' lang='lat' dir='ltr'>prosint</span> <span class='ocrx_word' id='word_1_290' title='bbox 971 2531 1105 2564; x_wconf 81' lang='lat' dir='ltr'>vosque</span> <span class='ocrx_word' id='word_1_291' title='bbox 1125 2520 1242 2553; x_wconf 83' lang='lat' dir='ltr'>labore</span> <span class='ocrx_word' id='word_1_292' title='bbox 1264 2520 1392 2552; x_wconf 71' lang='lat' dir='ltr'>levent.</span> 
     </span>
    </p>

    <p class='ocr_par' dir='ltr' id='par_1_14' title="bbox 530 2567 1393 2656">
     <span class='ocr_line' id='line_1_36' title="bbox 530 2567 1393 2614; baseline -0.008 -9"><span class='ocrx_word' id='word_1_293' title='bbox 530 2573 573 2605; x_wconf 90' lang='lat' dir='ltr'>Ut</span> <span class='ocrx_word' id='word_1_294' title='bbox 598 2579 734 2614; x_wconf 85' lang='lat' dir='ltr'>perrara</span> <span class='ocrx_word' id='word_1_295' title='bbox 754 2569 828 2601; x_wconf 83' lang='lat' dir='ltr'>avis</span> <span class='ocrx_word' id='word_1_296' title='bbox 850 2572 901 2601; x_wconf 85' lang='lat' dir='ltr'>est</span> <span class='ocrx_word' id='word_1_297' title='bbox 923 2578 1036 2600; x_wconf 84' lang='lat' dir='ltr'>sermo</span> <span class='ocrx_word' id='word_1_298' title='bbox 1058 2567 1252 2601; x_wconf 88' lang='lat' dir='ltr'>concinnus</span> <span class='ocrx_word' id='word_1_299' title='bbox 1268 2570 1301 2599; x_wconf 87' lang='lat' dir='ltr'>et</span> <span class='ocrx_word' id='word_1_300' title='bbox 1324 2567 1393 2599; x_wconf 88' lang='lat' dir='ltr'>oris</span> 
     </span>
     <span class='ocr_line' id='line_1_37' title="bbox 571 2616 1346 2656; baseline -0.008 -5"><span class='ocrx_word' id='word_1_301' title='bbox 571 2618 702 2656; x_wconf 53' lang='lat' dir='ltr'>Gratim</span> <span class='ocrx_word' id='word_1_302' title='bbox 729 2616 777 2648; x_wconf 86' lang='lat' dir='ltr'>sic</span> <span class='ocrx_word' id='word_1_303' title='bbox 795 2616 893 2656; x_wconf 67' lang='lat' dir='ltr'>pueri</span> <span class='ocrx_word' id='word_1_304' title='bbox 912 2617 1048 2656; x_wconf 69' lang='lat' dir='ltr'>pinyerc</span> <span class='ocrx_word' id='word_1_305' title='bbox 1069 2616 1161 2646; x_wconf 72' lang='lat' dir='ltr'>docta</span> <span class='ocrx_word' id='word_1_306' title='bbox 1185 2625 1302 2646; x_wconf 70' lang='lat' dir='ltr'>mames</span> <span class='ocrx_word' id='word_1_307' title='bbox 1324 2622 1346 2646; x_wconf 78' lang='lat'>⁵.</span> 
     </span>
    </p>
   </div>
   <div class='ocr_carea' id='block_1_12' title="bbox 217 2706 1803 2828">
    <p class='ocr_par' dir='ltr' id='par_1_15' title="bbox 217 2706 1803 2828">
     <span class='ocr_line' id='line_1_38' title="bbox 296 2706 1803 2766; baseline -0.009 -7"><span class='ocrx_word' id='word_1_308' title='bbox 296 2715 593 2766; x_wconf 79' lang='lat' dir='ltr'>Praescriptum</span> <span class='ocrx_word' id='word_1_309' title='bbox 614 2709 891 2749; x_wconf 78' lang='lat' dir='ltr'>renovavitin</span> <span class='ocrx_word' id='word_1_310' title='bbox 919 2707 1088 2747; x_wconf 70' lang='lat' dir='ltr'>Tabellt&#39;s</span> <span class='ocrx_word' id='word_1_311' title='bbox 1117 2707 1404 2747; x_wconf 72' lang='lat' dir='ltr'>Elemenlm‘it&#39;s</span> <span class='ocrx_word' id='word_1_312' title='bbox 1429 2723 1442 2741; x_wconf 83' lang='lat'>«</span> <span class='ocrx_word' id='word_1_313' title='bbox 1470 2706 1803 2756; x_wconf 83' lang='lat' dir='ltr'>Paedagogorum</span> 
     </span>
     <span class='ocr_line' id='line_1_39' title="bbox 217 2769 1803 2828; baseline -0.01 -5"><span class='ocrx_word' id='word_1_314' title='bbox 217 2797 264 2823; x_wconf 88' lang='lat' dir='ltr'>ac</span> <span class='ocrx_word' id='word_1_315' title='bbox 299 2778 687 2828; x_wconf 70' lang='lat' dir='ltr'>ludimagistrorum</span> <span class='ocrx_word' id='word_1_316' title='bbox 724 2775 819 2810; x_wconf 86' lang='lat' dir='ltr'>sunt</span> <span class='ocrx_word' id='word_1_317' title='bbox 852 2774 991 2821; x_wconf 83' lang='lat' dir='ltr'>partes</span> <span class='ocrx_word' id='word_1_318' title='bbox 1025 2771 1123 2808; x_wconf 82' lang='lat' dir='ltr'>dare</span> <span class='ocrx_word' id='word_1_319' title='bbox 1154 2781 1323 2820; x_wconf 87' lang='lat' dir='ltr'>operam</span> <span class='ocrx_word' id='word_1_320' title='bbox 1357 2769 1562 2820; x_wconf 82' lang='lat' dir='ltr'>inprimis,</span> <span class='ocrx_word' id='word_1_321' title='bbox 1599 2772 1645 2807; x_wconf 91' lang='lat' dir='ltr'>ut</span> <span class='ocrx_word' id='word_1_322' title='bbox 1675 2770 1803 2820; x_wconf 85' lang='lat' dir='ltr'>puelli</span> 
     </span>
    </p>
   </div>
   <div class='ocr_carea' id='block_1_13' title="bbox 263 2877 654 3107">
    <p class='ocr_par' dir='ltr' id='par_1_16' title="bbox 275 2877 572 2919">
     <span class='ocr_line' id='line_1_40' title="bbox 275 2877 572 2919; baseline -0.027 -5"><span class='ocrx_word' id='word_1_323' title='bbox 275 2885 302 2913; x_wconf 79' lang='lat'>1.</span> <span class='ocrx_word' id='word_1_324' title='bbox 326 2877 572 2919; x_wconf 67' lang='lat' dir='ltr'>Punlaqoyium.</span> 
     </span>
    </p>

    <p class='ocr_par' dir='ltr' id='par_1_17' title="bbox 271 2920 654 3015">
     <span class='ocr_line' id='line_1_41' title="bbox 271 2920 654 2965; baseline -0.026 -4"><span class='ocrx_word' id='word_1_325' title='bbox 271 2932 305 2961; x_wconf 71' lang='lat'>2.</span> <span class='ocrx_word' id='word_1_326' title='bbox 327 2926 399 2959; x_wconf 87' lang='lat' dir='ltr'>Lib.</span> <span class='ocrx_word' id='word_1_327' title='bbox 422 2925 447 2963; x_wconf 80' lang='grc' dir='ltr'>Ι,</span> <span class='ocrx_word' id='word_1_328' title='bbox 473 2933 546 2965; x_wconf 81' lang='lat' dir='ltr'>cap.</span> <span class='ocrx_word' id='word_1_329' title='bbox 568 2920 654 2953; x_wconf 81' lang='lat' dir='ltr'><strong>XXI.</strong></span> 
     </span>
     <span class='ocr_line' id='line_1_42' title="bbox 271 2971 543 3015; baseline -0.026 -8"><span class='ocrx_word' id='word_1_330' title='bbox 271 2980 302 3007; x_wconf 69' lang='lat'>2¹».</span> <span class='ocrx_word' id='word_1_331' title='bbox 326 2975 387 3015; x_wconf 79' lang='lat' dir='ltr'>Off.</span> <span class='ocrx_word' id='word_1_332' title='bbox 411 2972 449 3009; x_wconf 93' lang='lat' dir='ltr'>I.‚</span> <span class='ocrx_word' id='word_1_333' title='bbox 475 2971 543 3002; x_wconf 77' lang='lat'><strong>130.</strong></span> 
     </span>
    </p>

    <p class='ocr_par' dir='ltr' id='par_1_18' title="bbox 269 3018 569 3060">
     <span class='ocr_line' id='line_1_43' title="bbox 269 3018 569 3060; baseline -0.03 -5"><span class='ocrx_word' id='word_1_334' title='bbox 269 3027 298 3055; x_wconf 73' lang='lat'>4.</span> <span class='ocrx_word' id='word_1_335' title='bbox 321 3018 569 3060; x_wconf 69' lang='lat' dir='ltr'>Paedayoqiam.</span> 
     </span>
    </p>

    <p class='ocr_par' dir='ltr' id='par_1_19' title="bbox 263 3065 571 3107">
     <span class='ocr_line' id='line_1_44' title="bbox 263 3065 571 3107; baseline -0.026 -6"><span class='ocrx_word' id='word_1_336' title='bbox 263 3073 295 3101; x_wconf 57' lang='grc' dir='ltr'>ἰῶ.</span> <span class='ocrx_word' id='word_1_337' title='bbox 322 3065 571 3107; x_wconf 70' lang='lat' dir='ltr'>Paedayoqtnm.</span> 
     </span>
    </p>
   </div>
  </div>
 </body>
</html>
