1945 3256
342 333 456 411 DE
515 333 757 414 VITA
820 336 941 414 ET
1009 336 1450 417 SCRIPTIS

583 531 843 583 NICOLAI
904 533 1209 584 BORBONII

663 1002 849 1053 PARS
902 1003 1137 1054 PRIMA

520 1137 580 1167 DE
622 1137 738 1167 VITA
775 1135 979 1168 NICOLAI
1018 1137 1264 1168 BORBONII

256 1261 280 1292 I.
303 1278 342 1283 —
363 1260 411 1292 De
433 1259 605 1292 natalibus
628 1259 801 1292 Borbonii.
824 1279 863 1283 —
886 1260 932 1292 De
955 1261 1226 1303 praecoptoribus
1249 1262 1323 1303 ojus
1344 1266 1377 1294 et
1398 1262 1535 1295 studiis.

188 1388 382 1426 NIcolaus
410 1389 642 1427 Borbonius
666 1388 923 1437 Vandoperae
946 1388 954 1408 ¹
982 1391 1103 1426 natus
1131 1393 1204 1430 est,
1232 1390 1342 1439 quod
1365 1391 1609 1440 oppidulum
1631 1394 1692 1429 est

111 1450 361 1500 Campaniae.
393 1449 564 1488 Constat
603 1461 652 1487 ex
695 1450 964 1499 inscriptione
995 1451 1176 1499 quadam
1209 1452 1389 1489 natalem
1417 1452 1542 1490 fuisse
1585 1457 1692 1490 ann'o

106 1512 325 1549 millesimo
347 1512 679 1562 quingentesimo
702 1511 862 1549 tertio?

192 1574 312 1612 Pater
342 1573 443 1623 ejus,
474 1575 656 1611 ,Ioannes
688 1573 934 1618 Borbonius.
971 1575 1035 1611 νίν
1074 1577 1162 1612 erat
1202 1587 1300 1613 sane
1336 1576 1518 1626 locuples
1536 1577 1566 1621 ³,
1610 1588 1690 1614 non

116 1636 231 1673 faber
259 1636 472 1683 ferrarius,
497 1639 542 1673 ut
568 1635 737 1686 quidam
766 1635 907 1672 dixere
924 1635 953 1681 4,
987 1636 1057 1673 sed
1088 1635 1302 1674 fabrorum
1330 1637 1524 1675 dominus
1550 1641 1590 1675 et
1615 1638 1692 1675 fer-

119 1699 240 1736 rariae
267 1697 443 1736 officinae
471 1697 727 1748 possessor5.
758 1697 900 1742 Mater,
932 1698 1060 1735 Maria
1091 1697 1286 1744 Gallaria,
1316 1700 1470 1749 pietate
1501 1699 1540 1736 in
1568 1700 1695 1737 Deum

120 1763 159 1798 et
190 1760 229 1797 in
262 1771 468 1810 pauperes
501 1759 789 1797 benevolentia
819 1759 1009 1808 insignis,
1046 1771 1117 1797 sex
1146 1760 1253 1797 fillos
1286 1760 1467 1798 moriens
1508 1761 1694 1812 duasque

117 1821 222 1859 filias
242 1821 450 1871 reliquitss.
475 1820 658 1870 Contigit
685 1824 724 1859 et
753 1833 855 1858 avus
880 1821 914 1858 ei
944 1822 1125 1860 Joannes
1146 1821 1391 1867 Borbonius,
1417 1823 1581 1871 ingenio
1610 1835 1690 1861 non

170 1973 196 1999 1.
219 1968 345 2000 Gallice
374 1969 570 2005 Vendmvre,
592 1967 757 2000 chef-lieu
781 1965 822 1998 de
845 1971 981 2003 canton,
1005 1977 1070 1999 arr.
1094 1968 1351 1999 Bar-sur-Aube
1372 1966 1508 2008 (Aube).

475 2069 504 2095 Si
521 2069 583 2103 quis
600 2069 751 2104 Lingonica
766 2069 893 2104 migrarit
907 2069 941 2095 ab
956 2070 1024 2095 urbe
1038 2070 1137 2100 viator,

618 2111 725 2137 Claram
742 2114 839 2144 petens
859 2110 1003 2142 Lutetiam,

475 2154 545 2179 Ante
562 2152 735 2178 Tricassinos
749 2152 837 2178 oculis
853 2160 937 2186 quam
952 2160 1066 2178 cernere
1082 2153 1170 2186 possit

620 2194 708 2228 Agros
725 2201 891 2227 amnemque
906 2193 1074 2226 Sequanam,

496 2235 689 2269 Vandoperam
704 2235 836 2266 inveniet,
852 2234 996 2260 castellum
1012 2234 1104 2260 nobile
1119 2234 1206 2269 Nugis

612 2275 813 2310 Natalibusquo
829 2275 961 2302 Borboni,

1218 2316 1315 2350 Ναθῶ,
1338 2315 1409 2347 vm,
1433 2316 1474 2341 52.

166 2415 196 2445 2.
220 2412 303 2446 Vide
329 2411 370 2444 ad
394 2411 498 2444 finem
519 2412 695 2453 Nuyarum
723 2409 892 2442 editarum
917 2409 1008 2452 apud
1031 2408 1271 2442 Sebastianum
1291 2409 1494 2451 Gryphium,
1518 2409 1688 2449 Lugduni,

118 2462 204 2497 1538,
231 2460 319 2492 hanc
341 2458 603 2501 inscriptionem
625 2458 689 2490 sub
709 2458 856 2499 imagine
878 2456 1007 2489 Nicolai
1029 2456 1188 2488 Borbonii
1212 2457 1374 2488 insertam
1393 2467 1398 2487 :

619 2560 698 2592 NIC.
722 2558 957 2592 BORBONIVS
980 2558 1164 2590 VANDOP.

679 2635 794 2668 ANNO
815 2634 975 2667 AETATIS
997 2635 1114 2666 XXXII

861 2720 936 2751 1335

166 2793 194 2824 3.
219 2791 336 2831 Naqoe,
356 2788 399 2827 ΙΙ,
418 2790 448 2821 3.

167 2841 197 2870 4.
218 2837 302 2869 Vide
323 2835 455 2873 Baiilet,
476 2835 646 2875 Juyement
666 2842 724 2864 sur
742 2833 785 2864 les
806 2832 918 2863 Poe'tes
939 2831 1114 2862 modernas.

166 2888 196 2918 5.
221 2884 305 2917 Vide
323 2892 446 2926 poema
466 2882 520 2914 cui
542 2880 664 2913 titulus
682 2879 855 2911 Ferraria.

166 2934 196 2964 6.
221 2932 336 2973 Nuyoe,
359 2931 413 2969 IV,
436 2932 485 2963 64.
