1945 3256
217 198 235 227 2
568 197 622 226 DE
644 196 741 227 Vl'l'A
767 196 816 226 ET
841 194 1028 227 SCRll’TlS
1053 196 1220 228 NlCOLAl
1251 197 1462 229 BoliBoNll.

221 276 382 325 vulgari
416 286 554 321 senex,
591 274 707 324 cujus
739 273 1013 325 παρεγγέλμκτα
1046 286 1116 312 seu
1152 278 1361 325 praecepta
1400 275 1574 314 fideliter
1607 276 1806 315 memoria

218 337 430 376 retinuit1.

296 400 370 437 Avi
408 399 624 447 diligentia
661 409 707 436 ac
738 398 875 436 studio
911 402 1075 436 secutus
1111 402 1171 437 est
1203 399 1340 449 primo
1373 399 1635 449 disciplinam
1669 403 1802 451 pater-

217 473 326 499 nam.
353 461 451 499 Inde
472 462 621 498 Trecas
643 460 856 510 profectus
882 464 942 498 est
963 472 1044 510 quo
1068 460 1232 498 facilius
1254 462 1293 498 in
1316 461 1464 499 litteris
1486 463 1642 500 versari
1664 466 1803 513 posset

217 535 420 574 suumque
456 523 666 572 ingenium
695 522 929 559 excolere?
962 522 1015 560 Ac
1050 523 1201 560 mirum
1236 535 1362 573 quam
1396 523 1510 560 brevi
1546 528 1732 575 tempore
1763 525 1801 562 in

218 586 337 623 bonis
357 585 588 634 disciplinis
611 584 835 634 profecerit
861 597 867 621 :
892 596 1069 634 namque
1092 588 1328 635 praeceptor
1350 602 1361 617 «
1390 597 1481 622 cum
1504 585 1664 624 videret
1680 587 1797 624 Nico-

218 648 327 685 laum
357 646 549 684 omnibus
571 645 871 695 condiscipulis
900 649 1115 696 praestare,
1142 658 1365 696 puerorum
1393 647 1553 696 aliquot
1577 648 1798 698 aequalium

218 720 359 746 curam
382 708 478 745 huic
499 707 781 752 demandavit,
816 707 1007 745 videlicet
1039 708 1113 746 uti,
1139 719 1208 745 eos
1236 708 1480 746 successivis
1504 708 1620 746 horis
1642 708 1739 746 dum
1761 710 1801 746 in

217 771 349 808 classe
377 769 566 815 docebat,
590 769 756 807 doceret
786 769 1069 819 semetipsum.
1100 784 1112 802 2>
1145 770 1337 813 Quinimo
1366 770 1462 807 huic
1494 770 1735 809 consulebat
1760 775 1803 809 ut

215 833 283 883 qui
308 832 386 870 hoc
411 831 620 880 ingeniolo
642 831 762 869 unice
785 832 1062 869 delectaretur
1083 831 1112 868 ³.

296 895 334 931 Is
356 896 493 931 autem
514 894 722 937 Nicolaus‚
751 905 844 931 cum
867 893 1033 942 ingenio
1056 893 1180 937 facili,
1207 893 1392 931 officioso
1412 895 1550 932 animo
1573 897 1612 932 et
1634 896 1803 945 egregia

216 956 350 994 forma
363 956 482 998 foret,
507 955 816 1005 condiscipulos
839 955 920 993 sibi
945 956 1182 993 conciliavit
1204 956 1453 1006 permultos;
1472 958 1611 1006 quoin
1627 969 1798 996 numero

213 1018 290 1056 fuit
310 1017 513 1056 Lodoicus
534 1017 799 1061 Dintavillus‚
820 1017 989 1066 juvenis
1005 1029 1098 1054 cum
1122 1017 1312 1054 doctrina
1325 1021 1363 1055 et
1380 1019 1542 1067 generis
1562 1019 1791 1057 nobilitate.

214 1083 302 1117 tum
323 1079 532 1129 probitate
555 1090 601 1116 ac
630 1091 793 1116 morum
828 1079 1035 1116 suavitate
1064 1079 1318 1128 spectabilis,
1344 1091 1465 1129 quem
1496 1080 1793 1118 consuetudine

215 1153 289 1179 sua
311 1142 367 1179 s‘ic
386 1141 464 1178 sibi
486 1141 673 1179 devinxit
695 1145 737 1179 ut
758 1152 879 1178 nemo
903 1141 937 1178 ei
967 1144 1169 1191 perpetuo
1193 1141 1328 1179 carior
1357 1142 1480 1179 fuerit
1496 1142 1526 1178 ⁴.
1551 1143 1663 1180 Alios
1693 1143 1797 1180 inter

215 1204 370 1241 amicos
392 1215 484 1241 cum
504 1203 654 1253 quibus
676 1203 1015 1252 conjunctissime
1037 1203 1159 1248 vixit,
1189 1215 1511 1242 commemorem
1533 1204 1672 1242 adhuc
1695 1216 1793 1242 non-

215 1266 348 1303 nullos
385 1265 717 1303 adolescentulos
753 1276 856 1315 quos
893 1264 999 1302 lictis
1033 1265 1271 1303 nominibus
1311 1266 1567 1303 celebravit:
1593 1266 1792 1308 Samium.

215 1328 391 1372 (iallum,
416 1327 608 1364 Publium
631 1330 670 1364 et
692 1326 896 1377 Paphium

293 1389 369 1428 Ubi
392 1392 530 1427 autem
552 1389 652 1426 satis
677 1390 791 1426 visus
809 1392 870 1426 est
897 1400 1072 1426 navasse
1102 1400 1273 1438 operam
1296 1389 1522 1432 elementis,
1548 1389 1729 1427 Parisios
1751 1402 1792 1427 se

214 1452 401 1496 contulit,
430 1455 473 1489 ut
494 1451 642 1489 litteris
670 1450 866 1487 humanis
896 1450 1066 1488 liberius
1088 1450 1360 1495 incumberet,
1387 1454 1425 1488 et
1458 1451 1716 1501 aliquamdiu
1754 1451 1792 1488 in

214 1514 388 1562 collegio
411 1513 558 1551 Montis
575 1512 693 1550 Acuti
713 1512 906 1550 constitit
925 1511 953 1549 ⁸.

281 1627 306 1655 l.
328 1624 411 1656 Vide
435 1624 585 1655 Tabellas
603 1623 862 1654 elementarias
884 1622 994 1654 ‹Haec
1006 1626 1087 1654 sunt
1103 1626 1269 1664 piaecepta
1283 1633 1342 1655 seu
1356 1627 1519 1666 παρεγγε)
1523 1637 1610 1666 ματα
1622 1634 1700 1668 quae
1715 1623 1797 1656 olim

216 1672 297 1704 milii
332 1670 520 1703 admodum
551 1670 697 1712 puerulo
722 1670 888 1745 Joannes»
905 1668 1098 1702 Borbonius
1126 1680 1212 1701 avus
1234 1680 1341 1707 meus,
1365 1672 1516 1713 optimus
1548 1681 1666 1710 senex,
1690 1671 1799 1704 incul-

213 1729 287 1752 care
309 1718 430 1751 sedulo
456 1727 634 1761 nunquam
657 1716 849 1749 desinebat.

266 1798 290 1822 2.
635 1794 666 1821 (⁷1
670 1794 704 1821 bs
728 1794 821 1821 Ίνεσιε
841 1794 945 1828 (studet
964 1802 1083 1828 puerum
1106 1794 1176 1828 quod
1194 1794 1263 1821 olim

642 1835 678 1862 Te
697 1836 745 1862 sub
765 1835 898 1862 humanis
919 1834 1019 1862 habuit
1042 1836 1191 1869 magistris

642 1876 673 1903 Et
693 1877 767 1908 sinu,
786 1876 873 1903 Musis
894 1877 979 1903 veluti
999 1877 1159 1909 dicandum,

867 1918 945 1944 Fovit
965 1919 1063 1945 amico.

1312 1955 1408 1989 Nuyoe,
1432 1956 1501 1985 vm,
1524 1957 1583 1982 108.

274 2016 303 2046 3.
328 2013 481 2045 Praefatio
505 2013 674 2045 Carminis
694 2014 737 2043 ad
756 2023 878 2051 pueros
899 2014 936 2044 (le
959 2013 1117 2053 moribus,
1141 2023 1172 2055 p.
1196 2015 1267 2045 261.

281 2094 305 2117 Ι,
585 2089 623 2115 Ex
644 2098 698 2123 quo
719 2093 744 2116 le
765 2098 820 2115 non
841 2089 907 2121 vidi,
930 2093 1012 2115 aestas
1032 2089 1089 2124 jam
1112 2090 1229 2124 septima
1249 2089 1339 2121 fluxit,

655 2130 676 2157 Ο
698 2130 798 2162 Decus,
820 2139 835 2156 o
856 2131 956 2156 animae
978 2139 1053 2164 pars,
1076 2130 1203 2163 Lodoice,
1226 2139 1306 2157 meae.

584 2172 640 2198 Nos
660 2174 739 2197 aetate
759 2180 850 2206 pares.
872 2179 922 2197 nos
943 2176 1115 2205 praeceptore
1135 2173 1188 2198 sub
1208 2180 1264 2198 uno

654 2213 799 2239 Praeclarae
821 2221 922 2247 pueros
943 2213 1072 2239 erudiere
1097 2213 1199 2240 Trecoe.

579 2254 632 2280 Par
652 2254 745 2285 facies,
766 2263 817 2288 par
837 2254 926 2279 forma
946 2254 1006 2282 suit.
1028 2263 1077 2288 par
1097 2255 1180 2280 ardor
1202 2256 1313 2290 uirique

654 2296 683 2321 In
705 2295 820 2327 studiisJ
842 2296 914 2321 velle
934 2304 965 2321 ac
986 2296 1059 2321 nolle
1076 2296 1186 2322 duobus
1209 2297 1292 2323 idem.

580 2336 682 2363 Prima
699 2336 837 2363 elementa
862 2336 958 2363 Trecis
975 2336 1105 2371 feliciter
1122 2337 1269 2364 hausimus
1289 2347 1354 2366 una.

652 2378 809 2412 Nostraque
829 2379 975 2412 conjunxit
993 2382 1104 2412 pectora
1125 2388 1208 2405 verus
1228 2388 1316 2408 amor.

582 2419 670 2446 Verus
689 2427 777 2451 amor,
800 2427 883 2453 quem
903 2420 979 2445 nulla
998 2420 1056 2446 dies
1078 2421 1195 2446 memori
1217 2421 1317 2447 eximet
1337 2429 1398 2447 aevo
1415 2430 1420 2447 :

650 2460 798 2495 Ingenium
819 2461 842 2486 si
861 2461 930 2495 quid
950 2461 1085 2495 Musaque
1105 2465 1200 2488 nostra
1220 2465 1320 2496 polest.

1359 2503 1456 2538 Nuya‘,
1478 2505 1499 2537 1,
1523 2506 1582 2530 1¹5.

270 2576 298 2604 5.
322 2573 437 2614 Nuyoe,
456 2572 498 2611 ΙΙ,
523 2576 590 2609 177,
619 2573 688 2609 178;
712 2572 769 2609 ΙΙΙ,
792 2574 850 2611 4⁶23
874 2572 929 2611 IV,
950 2573 1077 2609 :29;V1,
1107 2575 1152 2611 19,
1176 2575 1226 2611 20,
1243 2575 1294 2610 26.
1318 2576 1367 2610 27,
1389 2576 1440 2612 50,
1463 2577 1526 2607 etc.

634 2649 760 2675 Collusor
779 2649 845 2675 olim
866 2650 913 2683 qui
931 2648 1052 2682 puerulo
1072 2650 1162 2676 adhuc
1182 2650 1251 2676 mihi

702 2692 787 2718 Fuisti
809 2697 835 2718 et
855 2701 911 2718 uno
931 2693 959 2718 in
980 2693 1081 2719 lectulo

615 2734 714 2759 Noctes
736 2734 875 2768 hybernas
898 2734 1072 2760 concubuisti
1092 2734 1228 2767 plurimas

700 2775 787 2801 Acalf
808 2774 912 2801 Montis
933 2775 961 2801 in
983 2774 1087 2805 sclicla,

612 2816 672 2842 Meo
692 2817 768 2842 suisli
788 2817 836 2851 qui
857 2816 936 2841 lateri
954 2816 1152 2850 junctissimus

702 2858 826 2891 Semper.
850 2865 936 2891 puero
957 2865 1048 2883 comes
1069 2866 1148 2891 puer,

616 2898 651 2924 Mi
673 2899 774 2927 Brune.
797 2899 972 2933 sanguinem,
996 2898 1097 2924 nedum
1119 2901 1277 2932 pecuniam.

704 2941 757 2966 Pro
778 2944 803 2966 te
823 2940 942 2965 libenter
964 2940 1121 2966 funderem.

1307 2983 1402 3017 Nnyoe.
1426 2984 1495 3015 Vlll,
1523 2987 1579 3010 lll.
