1945 3256
559 193 613 225 DE
637 191 780 224 VARHS
803 191 1005 223 BORBONII
1028 189 1226 222 SCRIPTIS.
1646 190 1683 220 41

109 266 281 313 tumulo,
310 266 344 304 si
375 265 441 305 his
470 266 659 306 versibus
683 266 914 318 speraverit
934 266 1065 317 patris
1086 264 1315 315 matrisque
1336 265 1492 303 luctum
1514 274 1556 302 se
1577 264 1684 301 leva-

107 330 244 365 turum
268 340 276 365 :

396 404 500 435 Parva
521 403 726 435 Severinum
749 401 990 444 complectitur
1013 411 1099 433 urna
1123 401 1277 444 puellum

437 451 547 493 Inque
566 450 771 482 Severinum
796 450 899 481 Parca
924 458 1043 480 severa
1066 449 1140 480 fuit.

395 496 421 529 0
442 501 548 538 pater,
571 506 590 527 o
614 499 730 533 mater,
755 495 841 538 quid
863 495 956 527 chari
982 495 1101 527 funera
1122 496 1192 528 nati

436 543 599 584 Lugetis‘?
614 551 675 574 cur
690 542 738 574 sic
759 542 891 573 lumina
915 546 1029 574 vestra
1053 541 1216 574 madent?

395 590 492 622 Nunc
513 588 570 620 ille
591 589 739 620 aetherea
761 588 881 620 divum
907 589 1075 630 spatiatur
1099 589 1133 620 in
1156 588 1246 625 aula,

434 635 642 667 Exhilarans
662 635 800 674 pulchro
821 645 894 666 cum
919 636 1104 675 Ganymede
1126 636 1246 668 ,Iovem
1271 635 1292 667 ¹.

184 727 242 765 Ne
262 727 402 765 fabula
424 727 589 778 quidem
617 730 688 765 aut
711 726 770 777 (ut
797 739 910 765 more
945 728 1223 765 recentiorum
1251 726 1402 777 dicam)
1429 726 1691 777 mythologia

106 789 306 828 abstinuit
327 790 367 827 in
389 788 631 841 pontificum
653 788 978 827 christianorum
1002 789 1172 827 tumulis
1195 789 1468 827 inscribendis
1497 802 1503 826 :

393 902 466 934 Heu
491 902 577 935 situs
598 906 662 941 est,
689 903 767 940 heu,
791 903 869 939 heu,
895 903 1104 935 venerabilis
1126 902 1184 935 ille
1207 901 1371 941 Bodetus,
1410 911 1418 916 ¹

434 949 586 982 Praesule
607 959 676 993 quo
699 950 779 981 felix
795 950 962 992 Lingonis
983 961 1041 982 ora
1065 950 1140 982 fuit.

390 996 529 1038 Relliyio
541 1000 568 1028 et
586 998 819 1038 pietasluqent
841 998 1058 1038 Clmricesqroe
1077 1007 1205 1029 sorores

433 1044 525 1075 Flent
544 1044 649 1075 Maste
670 1047 697 1075 et
723 1045 840 1076 laceris
860 1048 974 1075 moesca
996 1045 1146 1075 Minerva
1168 1045 1282 1075 comis.

390 1090 453 1123 Ora
475 1091 563 1133 rigat
586 1090 737 1132 populus
760 1091 934 1133 lacrymis⁷
957 1091 1177 1134 juvenesque
1201 1100 1371 1133 senesque

434 1138 472 1170 Et
489 1138 607 1180 patria*
629 1138 782 1170 clamant
805 1137 1009 1170 occubuisse
1031 1142 1175 1180 patrem.

391 1184 489 1224 Quod
505 1184 649 1216 mortale
672 1185 746 1222 suit,
764 1194 868 1227 parva
893 1185 1079 1227 requiescit
1098 1185 1131 1216 in
1154 1195 1239 1216 urna

431 1232 573 1274 Corpus,
596 1241 693 1263 mens
717 1231 801 1264 vivit
826 1231 1086 1275 perfruiturque
1110 1232 1178 1263 Deo
1195 1232 1221 1262 ².

183 1335 312 1373 Tanto
347 1346 487 1373 amore
527 1335 567 1372 in
608 1335 871 1385 antiquitatis
908 1346 1043 1373 mores
1083 1335 1318 1373 incenditur
1357 1338 1416 1380 ut,
1453 1334 1693 1374 christianis

104 1395 251 1435 ritibus
273 1397 391 1448 quasi
413 1397 656 1448 repudiatis,
681 1397 835 1435 amicos
857 1408 968 1443 suos,
991 1408 1252 1448 paganorum
1274 1408 1388 1435 more
1409 1397 1549 1448 lugeat

411 1518 502 1556 Quos
519 1516 638 1548 habuit
659 1515 834 1559 quondam
858 1516 1016 1548 viventes
1039 1525 1105 1547 una
1124 1515 1299 1553 voluntas,

456 1564 557 1595 Nunc
577 1563 645 1596 vita
669 1564 816 1601 sunctOS,
843 1573 928 1595 urna
951 1563 1051 1595 habet
1069 1573 1146 1599 una,
1170 1562 1258 1594 duos
1274 1563 1299 1594 ⁵.

182 1663 272 1701 Alio
302 1662 504 1715 epitaphii
533 1674 681 1712 genere
710 1663 840 1701 utitur
868 1663 907 1699 in
936 1662 1195 1713 principibus
1216 1662 1472 1700 tumulandis
1498 1675 1504 1699 :
1530 1674 1626 1699 nam
1650 1665 1694 1700 ut

103 1725 182 1763 diis
205 1725 513 1763 immortalibus
540 1737 610 1763 eos
639 1725 861 1776 adzequare
888 1725 1035 1775 possit,
1062 1727 1251 1762 mortuos
1274 1723 1394 1762 deflet
1415 1724 1534 1774 quasi
1557 1723 1694 1762 adhuc

104 1787 222 1826 vivos
242 1799 249 1825 :
273 1787 419 1838 Loysae
442 1787 588 1826 matris
609 1787 718 1837 regis
740 1786 1000 1838 epitaphium
1024 1786 1104 1825 tale
1123 1790 1184 1824 est
1207 1798 1214 1823 :

411 1895 503 1927 Heus
526 1898 573 1933 tu,
597 1895 660 1927 lioc
682 1896 867 1927 summissa
890 1904 1028 1927 carmen
1051 1894 1126 1935 lege
1147 1904 1242 1932 voce,
1271 1895 1385 1926 viator
1409 1905 1414 1926 :

451 1943 514 1975 Hic
534 1943 626 1985 regis
650 1946 770 1981 mater,
794 1942 853 1974 Dia
877 1943 997 1984 Loysa,
1023 1941 1125 1974 cubat
1145 1951 1152 1971 ε

410 1990 505 2022 Hanc
530 1990 674 2030 strepitu
697 1989 835 2022 turbare
857 1999 939 2021 cave
961 2000 966 2020 :
992 1987 1143 2021 dormire
1162 1989 1356 2031 putandum
1378 1992 1442 2028 est,

450 2036 580 2079 Nempe
601 2037 707 2068 Deam
726 2039 759 2068 et
780 2036 883 2069 talem
908 2045 977 2067 non
1000 2036 1154 2078 potuisse
1178 2036 1264 2068 mori
1287 2036 1311 2068 ι.

180 2148 265 2186 Nisi
293 2147 468 2186 forsitan
494 2148 678 2198 excipias
706 2148 893 2186 carmina
920 2160 1012 2198 quie
1042 2147 1285 2198 parentibus
1313 2147 1397 2185 suis
1426 2146 1629 2185 defunctis
1651 2149 1690 2184 et

102 2210 351 2261 quibusdam
381 2211 525 2248 amicis
553 2210 722 2257 dicavit,
748 2209 852 2247 nihil
879 2211 918 2247 in
944 2210 1149 2248 Borbonio
1178 2210 1363 2248 iuvenire
1387 2213 1448 2248 est
1474 2209 1585 2260 quod
1607 2209 1690 2247 luc-

102 2275 189 2310 tum
211 2282 371 2309 merum
393 2275 431 2311 et
453 2272 659 2310 sincerum
680 2272 838 2322 spirare
858 2272 1064 2309 videatur.

182 2334 374 2372 Tentavit
399 2337 438 2372 et
465 2334 693 2384 elegiacum
722 2345 867 2383 genus,
892 2334 961 2371 sed
992 2337 1036 2371 ut
1063 2334 1132 2384 qui
1162 2333 1347 2371 misereri
1381 2333 1552 2371 nesciat.
1580 2332 1691 2370 Nihil

102 2407 168 2434 me
193 2399 333 2434 movet
353 2395 525 2434 threnus
545 2396 612 2433 ille
634 2407 756 2446 quem
785 2395 834 2433 de
859 2399 1127 2445 paternarum
1158 2395 1311 2432 aedium
1341 2394 1531 2432 incendio
1550 2394 1562 2414 ⁵
1592 2405 1690 2432 con-

103 2457 228 2503 didit3
252 2456 357 2494 nihil
379 2457 565 2495 carmina
586 2457 634 2495 de
657 2457 774 2495 obitu
796 2457 924 2495 Samii
947 2457 1220 2507 condiscipuli
1242 2459 1281 2494 et
1303 2456 1352 2494 de
1372 2456 1580 2493 Francisci
1602 2455 1693 2493 Del-

103 2519 222 2570 phini
241 2520 466 2558 immatura
482 2523 614 2558 morte
632 2518 663 2567 ⁶,
681 2523 752 2557 aut
774 2519 845 2557 illa
866 2519 1109 2557 lamentatio
1132 2519 1180 2556 cle
1205 2519 1377 2567 indigna
1399 2521 1437 2555 et
1456 2517 1695 2556 miseranda

106 2581 223 2620 clade
248 2582 501 2620 Francorum
529 2582 639 2632 apud
665 2581 924 2631 Neapolim7.
946 2582 1176 2628 Moerorem,
1202 2581 1234 2618 si
1256 2592 1377 2631 quem
1407 2583 1603 2630 expertus
1625 2579 1692 2624 sit,

169 2696 198 2725 1.
221 2695 338 2736 Ναριε,
364 2695 390 2732 Ι,
415 2697 485 2727 163.

168 2743 200 2774 2.
222 2741 340 2782 Nuyae,
360 2741 403 2779 ΙΙ,
426 2744 456 2773 5.

171 2790 201 2820 3.
223 2787 340 2829 Nuyoe,
365 2788 392 2826 Ι,
416 2789 488 2821 101.

170 2838 200 2867 4.
221 2834 337 2876 Nuyoe,
361 2835 414 2873 lv,
437 2838 489 2868 46.

172 2886 201 2916 5.
225 2883 343 2925 Nuqoe,
367 2884 410 2923 ΙΙ,
431 2885 484 2916 56.

171 2932 201 2962 6.
220 2931 339 2972 Nuyoe,
361 2931 396 2967 V,
425 2932 475 2963 18.

173 2980 203 3009 7.
224 2977 342 3019 Nuyoe,
363 2976 407 3017 11,
421 2979 493 3010 179.
