1945 3256
722 495 906 548 PARS
961 496 1284 549 SECUNDA

587 639 647 669 DE
684 639 857 671 VARIIS
896 638 1141 673 BORBONII
1178 640 1410 673 SCRlPTlS

495 908 518 937 Ι.
543 925 580 928 -
602 906 681 943 Quae
709 914 832 946 genera
861 908 1059 947 poematum
1092 906 1283 939 Borbonius
1311 908 1498 950 scripserit.

281 1059 494 1097 Poematia
509 1059 675 1108 scripsit
690 1059 922 1097 Borbonius
937 1071 1028 1110 quae
1041 1059 1177 1109 Nemas
1190 1058 1429 1109 appellavit,
1446 1059 1576 1097 multa
1592 1061 1784 1106 tenuiter,

203 1122 332 1159 multa
360 1124 546 1168 venuste,
576 1122 707 1159 multa
734 1120 879 1168 facete,
909 1123 1041 1160 multa
1069 1133 1161 1159 cum
1195 1121 1275 1158 bile
1304 1132 1312 1157 ;
1347 1132 1440 1172 quae
1473 1121 1660 1168 collecta,
1697 1134 1778 1161 non

200 1184 364 1221 servato
385 1187 621 1233 temporum
654 1187 724 1221 aut
757 1195 895 1221 rerum
917 1184 1075 1229 ordine‚
1102 1182 1172 1221 sed
1203 1186 1247 1220 ut
1272 1194 1447 1233 quaeque
1474 1183 1515 1220 in
1543 1195 1690 1223 manus
1712 1196 1778 1222 ve-

202 1248 361 1287 nerant,
386 1245 427 1282 in
449 1248 542 1283 octo
566 1245 694 1282 libros
716 1245 944 1284 distribuit.

280 1307 340 1343 Ab
362 1306 451 1356 ipso
474 1307 680 1344 Borbonio
702 1308 937 1357 accepimus
962 1324 977 1341 α
998 1307 1200 1357 quosdam
1217 1306 1343 1344 fuisse
1362 1307 1468 1343 male
1485 1306 1653 1346 feriatos
1674 1323 1687 1342 »
1714 1309 1786 1358 qui

204 1369 331 1406 risum
372 1369 412 1405 in
451 1369 537 1406 suis
577 1369 831 1407 carminibus
871 1369 1244 1419 reprehendebant,
1281 1369 1399 1418 quasi
1442 1380 1528 1406 rem
1569 1369 1784 1419 profanam

202 1430 500 1480 indignamque
532 1429 701 1468 homine
729 1430 956 1469 christiano
1001 1443 1006 1467 :
1043 1446 1055 1465 (ι
1085 1430 1164 1469 Sed
1192 1441 1342 1476 nonne,
1370 1430 1507 1468 aiebat
1534 1430 1780 1478 Borbonius‚

204 1493 309 1529 inest
341 1492 588 1542 tempestivo
621 1495 745 1542 atque
776 1492 953 1531 honesto
984 1493 1084 1530 risui
1115 1493 1208 1543 plus
1242 1503 1351 1530 verae
1384 1492 1550 1542 pietatis
1583 1505 1708 1543 quam
1748 1494 1786 1530 in

202 1554 390 1592 tristibus
410 1554 687 1604 quorumdam
709 1555 940 1605 superciliis
966 1554 1008 1592 ¹²?
1036 1570 1052 1587 »
1081 1555 1160 1592 Nec
1182 1554 1398 1604 scripsisse
1418 1566 1551 1604 nugas
1572 1555 1752 1604 negabat
1778 1569 1783 1591 :

492 1652 647 1684 Carmina
675 1653 740 1684 lusi
763 1653 845 1685 olim
869 1657 977 1685 toturn
998 1653 1067 1695 jan]
1094 1663 1210 1696 sparsa
1232 1663 1291 1694 per
1314 1653 1430 1685 orbem

492 1699 667 1741 Nugarum
688 1700 789 1732 titulo
813 1701 937 1741 :nugis
953 1704 1034 1732 sunt
1056 1701 1171 1731 omnia
1196 1700 1311 1742 plena,

495 1771 1331 1779 ················

489 1794 556 1825 Nec
578 1797 691 1826 tamen
715 1794 748 1825 id
769 1795 852 1826 vitio
878 1795 963 1826 verti
988 1795 1070 1826 mihi
1092 1794 1208 1831 debet,
1229 1795 1369 1836 opinor,

492 1840 524 1872 Si
548 1851 631 1882 puer
653 1844 685 1873 el:
702 1841 855 1882 juvenis,
873 1841 970 1874 samse
991 1842 1179 1874 crescentis
1200 1851 1327 1875 amore.

491 1886 631 1919 Prodire
653 1897 758 1920 ausus
775 1897 850 1919 sum
873 1891 974 1931 atque
994 1888 1078 1929 jocis
1100 1888 1143 1921 ad
1166 1892 1301 1931 teinpus
1324 1887 1432 1921 abuti.
1451 1889 1463 1908 2

283 1975 432 2012 Versus
453 1985 552 2012 vero
575 1987 621 2012 ac
653 1976 768 2014 locos
789 1987 931 2014 omnes
962 1976 1096 2026 excipi
1126 1976 1292 2014 volebat
1319 1976 1359 2013 in
1388 1976 1538 2026 quibus
1560 1977 1608 2015 de
1633 1978 1716 2016 Deo
1749 1982 1787 2016 et

203 2036 421 2074 Servatore
442 2035 606 2074 Christo
630 2038 761 2087 deque
784 2038 995 2087 religionis
1016 2038 1128 2076 cultu
1150 2038 1215 2088 pie
1235 2038 1391 2088 aliquid
1419 2042 1616 2077 tractasse
1646 2040 1781 2078 videri

202 2101 355 2148 posset.
391 2115 404 2131 «ι
447 2099 550 2135 Nam
578 2110 735 2148 preces,
769 2100 931 2145 aiebat,
962 2099 1156 2149 hymnos,
1187 2099 1288 2137 odas
1317 2104 1356 2138 et
1389 2100 1429 2137 id
1463 2112 1592 2149 genus
1626 2101 1707 2139 alia
1739 2103 1779 2139 in

204 2160 404 2198 honorem
437 2160 522 2204 Dei,
564 2160 796 2210 cujusmodi
837 2173 901 2199 me
929 2161 1075 2199 fecisse
1108 2161 1240 2199 multa
1272 2162 1460 2211 gratulor
1495 2161 1786 2214 facturumque

204 2233 338 2272 spero,
362 2222 455 2271 quis
481 2222 559 2258 nisi
587 2222 769 2261 furiosus
791 2224 983 2273 maloque
1015 2224 1137 2274 genio
1158 2224 1341 2274 percitus
1362 2235 1494 2274 nugas
1522 2224 1699 2263 dixerit?
1729 2225 1742 2246 ³
1769 2240 1783 2260 n

281 2284 310 2320 E
343 2283 473 2332 Nugis
495 2295 659 2334 quoque
681 2284 802 2323 liceat
829 2297 1028 2335 seponere
1049 2286 1130 2324 duo
1158 2286 1343 2324 carmina
1371 2297 1463 2336 quae
1490 2287 1787 2325 sententiarum

203 2345 409 2394 gravitate
438 2357 717 2396 versuumque
745 2359 918 2385 numero
952 2351 1174 2397 (trecentos
1209 2348 1317 2385 enim
1347 2351 1568 2398 utrumque
1605 2349 1784 2398 excedit)

204 2418 297 2444 eum
319 2407 479 2445 caeteris
501 2408 712 2457 opusculis
729 2408 913 2458 ejusdem
930 2410 1111 2447 auctoris
1128 2410 1246 2447 valde
1262 2409 1496 2460 discrepant
1519 2423 1525 2447 1
1550 2410 1785 2449 Ferrariam

203 2468 358 2506 scilicet
379 2471 418 2506 et
438 2468 722 2519 Pcedaqoymm
744 2471 830 2508 sive
851 2482 1011 2509 cm‘men
1031 2471 1083 2509 ad
1098 2482 1244 2520 pueros
1263 2471 1307 2507 de
1328 2471 1524 2510 Μονὶὸιις.

282 2531 482 2580 Pleraque
497 2531 688 2568 Borbonii
712 2532 921 2582 poematia
941 2533 992 2570 ad
1009 2533 1110 2570 illud
1125 2545 1256 2582 genus
1277 2533 1484 2583 pertinent
1502 2533 1613 2583 quod
1630 2537 1791 2573 veteres

204 2603 406 2630 vocavere
427 2592 684 2643 epiqramma.
709 2594 836 2632 Nemo
857 2595 987 2632 nescit
1008 2594 1086 2633 hoc
1108 2606 1236 2645 genus
1258 2598 1318 2633 tot
1340 2607 1482 2633 versus
1498 2597 1788 2634 tantummodo

203 2654 385 2704 recipere
407 2658 507 2705 quot
528 2656 664 2705 operis
687 2655 907 2705 cujuslibet
941 2657 1086 2694 titulus
1107 2657 1302 2695 admittat
1326 2670 1332 2693 :
1355 2657 1494 2707 itaque
1518 2657 1632 2694 latini
1654 2661 1785 2708 poetae

204 2728 278 2766 pro
295 2717 454 2766 optima
466 2718 780 2768 epigrammatis
796 2718 930 2767 ligura
945 2718 1153 2756 distichon
1170 2718 1424 2768 judicavere.
1455 2719 1634 2757 nisticha
1655 2720 1785 2758 multa

204 2778 368 2828 scripsit
383 2779 630 2821 Borbonius„
650 2780 781 2817 multa
797 2781 922 2817 etiam
939 2780 1194 2825 tetrasticha,
1211 2781 1340 2818 multa
1361 2780 1616 2819 hexasticha.
1637 2782 1786 2819 Verum

269 2884 295 2912 1.
321 2882 471 2922 Epistola
490 2881 531 2913 ad
553 2882 781 2914 Vuillelmum
804 2883 992 2915 Bostonuin
1017 2895 1022 2914 :
1048 2884 1162 2923 Nuyce,
1190 2884 1227 2919 ΙΙ,
1251 2894 1282 2925 p.
1306 2885 1362 2915 90.

265 2929 295 2959 2.
320 2928 470 2969 Epistola
494 2927 536 2959 ad
558 2929 779 2961 Franciscum
802 2930 961 2961 Pucriuin
985 2929 1025 2962 de
1051 2931 1223 2962 Benesti‘ea
1246 2943 1251 2961 z
1276 2930 1391 2970 Νιιῃιε,
1424 2930 1475 2966 IV,
1500 2940 1531 2971 p.
1555 2932 1627 2962 209.

267 2975 295 3004 3.
322 2974 468 3015 Epistola
492 2974 534 3006 ad
555 2976 730 3012 Pucrium,
755 2986 786 3018 p.
810 2978 883 3008 210.
