1945 3256
270 151 371 203 QUID
399 166 451 196 DE
472 164 707 196 PUERORUM
728 162 1024 195 INSTlTUTIONE
1045 162 1250 194 SENSERIT
1271 161 1525 194 BORBONlUS.
1647 164 1686 194 83

184 245 331 282 Mirum
354 247 414 282 est
435 256 458 281 a
478 243 638 294 panem,
658 245 730 280 aut
751 245 859 280 certe
882 255 905 280 a
926 241 1049 281 nullis
1071 241 1411 279 animadversum
1434 252 1522 278 esse
1544 239 1686 291 κάμῧην

107 309 147 346 id
171 307 406 357 significare
426 307 561 354 nobis,
587 307 698 356 quod
726 305 830 344 tibia
852 306 1024 347 Latinis
1049 319 1070 341 κ
1092 304 1132 341 in
1157 305 1170 341 ι’
1191 316 1309 343 verso
1332 303 1459 353 vulgo
1482 303 1686 354 siquidem

99 371 231 422 J'amlm
252 371 445 415 dieimus3
472 382 727 421 quamquam
749 368 848 419 quid
871 368 1039 419 proprie
1061 367 1113 405 sit
1134 366 1273 417 κάμῧη,
1296 379 1376 405 non
1400 378 1464 405 me
1485 366 1605 415 fugit.

188 433 224 471 si
257 433 421 484 quando
452 434 575 472 velim
607 432 740 470 dicere
775 443 861 469 rem
896 430 1137 481 quampiam
1169 429 1273 467 nihil
1307 430 1358 467 ad
1392 441 1457 467 me
1496 429 1684 475 attinere,

106 508 253 548 parum
284 496 401 533 abest
430 496 528 546 quin
564 506 698 545 graece
733 493 866 531 dicam
897 490 994 529 ὀυδὲν
1024 489 1122 542 μέλει
1154 506 1211 541 μοι
1231 495 1351 539 τοῦτο,
1382 491 1492 542 quod
1521 490 1688 528 rusticis

105 559 230 598 etiam
253 558 418 596 dieunt:
444 558 547 595 nihil
571 570 635 596 me
658 556 865 595 admisceo
890 555 988 593 huie
1010 555 1194 604 negotio.

185 620 306 673 Γρύζιι)
329 634 404 672 pro
428 623 542 660 rixor
558 623 741 658 nostrate
765 622 839 666 est,
861 624 906 659 ut
926 617 1038 670 5:02ssst
1058 630 1133 669 pro
1155 617 1376 656 locutuleio
1401 619 1439 656 et
1455 617 1685 663 blaterone,

105 682 220 735 πέρθω
244 696 319 735 pro
341 685 595 735 perterehrm
621 695 707 729 seu,
731 686 775 720 ut
797 683 937 723 latine,
963 682 1154 733 percello.

185 746 340 799 Κλάγγη
370 760 444 799 pro
482 748 578 787 nola
617 757 688 784 seu
722 746 928 796 cymbalo,
966 747 1127 783 mutato
1171 758 1191 780 α
1229 743 1269 781 in
1310 755 1332 782 o
1358 756 1365 781 1
1402 755 1496 781 nam
1530 743 1687 781 clocam

105 810 294 848 dicimus.

185 873 287 911 [tem
306 871 556 910 vermiculos
575 883 646 909 seu
670 871 887 916 teredines,
907 869 1057 921 quibus
1080 880 1226 907 manus
1248 873 1400 909 nostra¹
1422 869 1688 920 potissimum

105 935 367 982 infestantum
399 935 591 973 chirones
620 934 784 985 (cirons)
808 945 1031 973 vocamus:
1056 932 1168 970 haud
1202 933 1325 972 dubie
1357 932 1424 971 ἀπὸ
1451 934 1520 969 τῶν
1547 934 1690 984 χειρῶν,

106 998 184 1036 hoe
207 1002 267 1037 est
289 1011 312 1036 a
333 998 541 1035 manibus,

185 1060 289 1105 Quin
311 1064 350 1098 et
372 1071 506 1109 aegros
522 1059 783 1108 molliterque
800 1070 841 1096 se
861 1058 1060 1096 habentes
1081 1059 1200 1109 quasi
1219 1056 1397 1108 μαλακοὺς
1413 1057 1686 1108 appellamus,

105 1125 149 1160 ut
169 1134 245 1174 pro
269 1122 516 1171 {egritudine
539 1118 729 1170 μαλακίῃ,
755 1136 776 1157 κ
799 1121 838 1158 in
863 1121 887 1158 (ι’
908 1124 1082 1158 mutato.

184 1184 235 1232 Δὴ
260 1188 299 1223 et
321 1183 374 1222 A&
390 1197 463 1236 pro
481 1195 594 1231 sane,
617 1186 739 1226 certe,
761 1184 902 1233 utique
920 1183 1150 1233 peculiaria
1166 1183 1285 1220 nobis
1304 1182 1560 1232 Lingonibus
1577 1184 1685 1219 sunt.

183 1248 273 1285 Jam
309 1259 407 1286 vero
438 1247 653 1285 hominem
685 1246 883 1283 audacem
916 1248 955 1282 et
985 1245 1238 1296 intrepidum
1270 1244 1416 1295 (hardel)
1448 1257 1522 1282 nos
1551 1244 1688 1281 dicere

103 1308 173 1348 ἀπὸ
188 1313 250 1356 τῆς
269 1308 411 1362 καρδίας
432 1309 525 1360 quis
541 1309 715 1354 dubitet,
733 1308 870 1358 prima
891 1307 1028 1345 littera
1043 1322 1065 1344 κ
1081 1308 1120 1345 in
1138 1307 1437 1358 aspirationem
1453 1307 1650 1345 versa‘?...
1670 1320 1684 1340 »

358 1437 447 1471 XIII.
472 1457 510 1461 -
531 1435 711 1476 Quodnam
735 1437 815 1479 styli
839 1447 949 1479 genus
968 1436 1156 1479 juvenibus
1180 1435 1427 1469 adhibendum.

185 1543 253 1583 llis
275 1545 441 1595 quidem
466 1544 667 1594 exemplis
689 1556 763 1594 pro
788 1545 1005 1582 manifesto
1029 1543 1230 1582 habemus
1259 1545 1513 1582 Borbonium
1544 1556 1689 1583 verna-

105 1608 205 1645 culm
231 1607 380 1656 linguan
414 1617 495 1644 non
517 1606 642 1644 fuisse
665 1606 919 1644 incuriosum
947 1618 954 1643 :
985 1606 1055 1644 sed
1084 1619 1177 1644 eum
1200 1607 1241 1644 in
1267 1618 1313 1645 eo
1339 1610 1523 1657 tempore
1546 1618 1687 1644 versa-

103 1673 214 1707 retur
234 1680 331 1719 quo.,
352 1672 447 1706 ante
471 1669 587 1706 alias.
614 1669 762 1707 litter-‘n
780 1672 979 1718 gru‘cieet
1002 1669 1140 1707 latinae
1165 1670 1276 1720 apud
1299 1670 1483 1707 eruditos
1505 1669 1687 1707 maxime

100 1731 303 1781 vigerent.
329 1731 369 1768 in
391 1743 458 1769 eas
480 1731 563 1771 fere
586 1734 717 1769 totum
742 1742 783 1768 se
805 1731 994 1769 contulit.

178 1793 406 1844 Utramque
430 1793 617 1843 linguam
636 1793 730 1831 lieet
756 1805 872 1843 :eque
894 1794 1077 1841 calleret‚
1104 1794 1151 1831 de
1176 1806 1310 1843 grwea
1338 1797 1475 1832 tamen
1501 1795 1682 1845 paucam

100 1856 309 1907 opusculis
331 1856 417 1893 suis
439 1856 637 1906 praa-epit
662 1868 668 1892 t
707 1855 755 1893 de
778 1855 907 1893 latina
930 1868 1026 1894 vero
1061 1857 1240 1905 amplius
1275 1860 1313 1895 et
1345 1857 1540 1895 libentius
1562 1857 1686 1896 disse-

99 1918 195 1956 ruit.
232 1918 447 1962 Quodnam
474 1918 571 1967 styli
603 1930 732 1966 genus
764 1916 986 1967 juvenibus
1017 1919 1068 1956 sit
1105 1918 1389 1956 adhibendum
1430 1920 1467 1956 in
1505 1920 1686 1969 quadam

99 1981 274 2031 epistola
302 1980 353 2017 ad
376 1980 570 2017 Pucrimn
598 1982 605 2000 ¹
646 1980 890 2031 planissime
918 1980 1129 2030 professus
1160 1985 1233 2018 est.
1266 1982 1515 2031 Diligenlem
1550 1982 1687 2019 nescio

99 2054 223 2093 quam
248 2042 544 2091 negligentiam
568 2043 606 2079 in
630 2042 846 2080 scribendo
869 2043 1036 2093 praefert
1057 2055 1232 2081 morosa*v
1255 2044 1531 2093 quorumdam
1565 2048 1689 2095 atque

102 2105 303 2153 religiosa·
326 2104 552 2153 diligentizn
576 2118 582 2141 :
609 2105 679 2154 qui
699 2105 810 2155 quod
834 2105 980 2151 invita,
1017 2110 1060 2144 ut
1083 2105 1215 2153 aiunt3
1245 2106 1428 2143 Minerva
1455 2109 1687 2158 naturaque

101 2167 364 2214 reclamante,
391 2166 556 2216 assequi
579 2178 660 2204 non
684 2167 836 2213 valent,
864 2167 904 2204 id
929 2171 1016 2205 arte
1039 2168 1216 2218 fucoque
1238 2168 1470 2206 imitantur.

178 2229 354 2266 Fastidit
377 2231 416 2266 et
439 2229 526 2266 odit
547 2240 622 2279 pro
645 2240 718 2266 sua.
735 2233 850 2280 parte
873 2230 974 2267 istos
998 2230 1128 2267 bellos
1154 2229 1430 2268 homunculos
1453 2231 1537 2281 qui,
1558 2243 1687 2269 novas

99 2290 236 2329 nescio
255 2302 359 2341 quas
383 2294 419 2328 et
448 2291 675 2341 exquisitas
706 2292 908 2329 sermonis
937 2291 1122 2337 delicias,
1156 2304 1288 2330 novos
1316 2293 1479 2331 dicendi
1502 2294 1686 2331 scriben-

99 2353 222 2402 dique
247 2353 453 2398 flosculos,
482 2353 691 2391 inauditas
709 2353 909 2391 orationis
931 2366 1101 2391 veneres
1124 2355 1403 2406 cupediasque
1426 2356 1682 2406 profitentes,

98 2415 341 2465 prodigiosa
362 2415 564 2464 religione
587 2415 867 2453 studiosorum
890 2415 1051 2454 animos
1071 2416 1355 2465 obstringunt.
1547 2460 1551 2473 ¹

178 2478 292 2524 Item,
313 2477 351 2514 in
379 2477 566 2514 versibus
589 2477 830 2525 condendis?
850 2481 1084 2515 ase-euralam
1108 2479 1179 2516 sed
1202 2478 1289 2517 sine
1314 2480 1501 2517 molestia
1519 2481 1681 2530 elegan-

102 2539 199 2576 tiam
233 2539 511 2577 commendat.
544 2539 631 2576 Non
663 2540 694 2577 is
727 2543 782 2577 est
815 2540 884 2589 qui
909 2541 1144 2578 collisiones
1178 2542 1348 2579 omnino
1379 2554 1465 2579 esse
1488 2543 1681 2580 vitandas

100 2601 319 2639 existimet.
345 2623 394 2630 -—
421 2617 434 2636 ‹<
462 2601 749 2646 Offenduntur,
784 2603 855 2641 aitq
883 2603 1068 2640 nonnulli
1087 2603 1245 2641 crebris
1266 2605 1552 2643 collisionibus
1575 2618 1581 2642 :
1607 2617 1680 2643 eeu

99 2667 352 2717 veropoetae
376 2663 646 2702 vetustissimi
670 2676 693 2701 a
715 2664 997 2702 collisionibus
1019 2666 1300 2716 temperarint.
1322 2667 1427 2711 Quid
1449 2667 1497 2704 de
1520 2667 1681 2706 Catullo

100 2724 237 2763 dicent
258 2726 374 2773 mihi,
400 2725 516 2776 cujus
537 2725 580 2763 hi
604 2730 700 2764 sunt
719 2739 860 2765 versus
884 2728 924 2764 in
948 2728 1166 2777 ingratos?

264 2823 304 2855 Ut
327 2824 420 2861 mihi,
443 2834 548 2867 quem
570 2834 671 2857 nemo
695 2826 843 2867 gravius,
869 2836 930 2858 nee
950 2825 1121 2863 acerbius,
1138 2830 1246 2868 urget,

302 2875 408 2909 Quam
432 2871 545 2910 modo,
568 2873 627 2914 qui
652 2882 704 2905 me
726 2883 836 2904 unum
862 2876 964 2916 atque
987 2873 1126 2905 unicum
1150 2874 1297 2905 amicum
1322 2874 1451 2907 habuit,

169 2952 189 2981 1.
216 2950 331 2990 Νηψιι,
352 2952 405 2983 iv.
