1945 3256
277 215 315 245 44
840 220 896 252 DE
916 221 1014 253 VITA
1035 221 1090 254 ET
1112 221 1311 255 SCRIPTIS.

586 299 677 332 Dum
699 300 795 333 ssuvii
819 310 920 333 cursu
943 305 1081 335 vastum
1106 303 1293 335 volventur
1315 303 1348 335 in
1370 313 1500 346 zequor.

588 346 662 384 Ille,
688 348 843 391 inquam,
867 348 1020 382 Alciatus
1044 350 1098 382 cui
1122 353 1190 382 tros
1209 349 1360 389 liubana,
1379 351 1497 383 Latina

589 393 776 437 Graecaque
798 398 879 427 sunt
901 394 1028 437 linguae
1050 397 1082 429 in
1100 401 1279 440 promptu,
1301 397 1451 429 coelestia
1473 396 1579 430 dona.

588 442 705 474 Heus!
731 442 821 484 fuge,
847 442 1034 482 Barbaries,
1060 447 1138 477 tuus
1160 444 1217 477 ille
1248 445 1434 477 acerrimus
1457 445 1579 484 hostis,

586 488 740 522 Alciatus
761 491 869 522 venit.
894 491 1032 529 Lzetare,
1057 492 1224 531 Valentia,
1249 492 1330 524 tanti

586 535 741 577 Hospitis
763 535 926 575 adventu,
951 547 1019 580 quo
1042 538 1090 570 nil
1114 539 1315 579 contingere
1338 538 1449 580 majus

588 582 759 615 Utiliusve
784 582 842 615 tibi
866 585 987 626 potuit.
1010 585 1070 624 Tu,
1090 585 1180 627 juris
1202 589 1348 622 amator,

587 628 738 667 Exsulta,
759 629 970 673 juvenisque
991 641 1167 675 senexque
1190 635 1223 664 et
1245 633 1380 674 suspice
1403 641 1556 668 flumem

586 677 647 708 Hic
670 676 727 709 ille
746 677 913 716 Alciatus,
936 678 1046 711 nodos
1068 679 1292 711 doctissimus
1313 688 1434 711 omnes

585 723 738 763 Solvere,
761 727 797 756 ut
815 724 984 767 interpres
1006 726 1106 758 terris
1129 725 1231 758 datus
1253 736 1269 758 a
1291 727 1375 759 Jove
1399 736 1548 759 summo.

586 771 743 814 Denique
765 781 833 803 non
857 773 953 805 venit
975 772 1072 806 solus
1097 784 1104 805 :
1127 774 1338 806 comitantur
1352 776 1493 806 euntem

586 819 783 860 Ingenuum
804 818 951 858 Candor,
975 820 1130 852 Gravitas
1154 823 1186 852 et
1208 820 1311 852 suada
1334 821 1520 857 Venustas,

586 866 661 907 Ipsa
685 865 740 897 vel
763 866 904 908 Superis
927 871 1083 909 pergrata
1104 867 1271 900 Modestia
1293 866 1396 905 divis,

586 913 629 946 Et
652 913 764 955 posita
783 913 816 945 in
839 914 961 956 primis
985 914 1196 946 venerabilis
1219 913 1326 955 wgide
1348 915 1473 951 Pallas.

584 960 666 992 Tres
686 960 850 998 Charites,
869 961 1043 1004 Muszeque
1065 971 1189 994 novem
1207 961 1421 1005 facundaque
1443 962 1541 994 Pitho
1562 963 1583 994 ¹.

354 1078 435 1116 Nec
481 1079 641 1116 minore
687 1079 823 1117 studio
869 1080 1094 1118 Macrinum
1142 1079 1474 1131 Germanumque
1512 1080 1698 1118 Brixium
1717 1079 1730 1102 ²³
1774 1092 1869 1132 pro-

275 1144 440 1179 secutus
456 1144 530 1179 est.
550 1141 643 1179 Dies
656 1153 721 1179 me
743 1141 909 1180 deficiat
931 1143 963 1179 si
980 1143 1167 1180 carmina
1182 1143 1323 1181 omnia
1339 1154 1551 1182 recensere
1573 1143 1698 1182 velim
1719 1143 1870 1193 quibus

276 1203 457 1253 {equales
485 1214 582 1241 suos
610 1203 794 1253 insignes
822 1216 950 1243 necne
978 1205 1186 1243 cecinerit.
1216 1205 1411 1243 Homines
1439 1205 1549 1243 enim
1577 1206 1639 1243 sui
1668 1205 1870 1256 temporis

274 1266 345 1316 qui
369 1265 408 1303 in
432 1265 642 1320 litterisqet
662 1265 852 1304 doctrina
873 1267 1028 1304 famam
1056 1268 1483 1318 quantulamcumque
1512 1267 1589 1305 sihi
1616 1270 1869 1318 paraverant

273 1337 405 1377 prope
437 1337 580 1364 omnes
613 1327 810 1378 probavit
843 1340 888 1366 ac
922 1329 1123 1368 laudavit.
1145 1330 1258 1368 Licet
1290 1329 1338 1367 de
1372 1330 1502 1367 nimia
1534 1329 1865 1368 versificatorum

274 1389 380 1427 sexti
403 1388 549 1427 decimi
572 1389 712 1427 saeculi
735 1390 999 1429 multitudine
1021 1391 1173 1429 alicubi
1195 1394 1364 1442 questus
1386 1391 1439 1430 sit
1456 1391 1486 1438 ³,
1505 1391 1660 1429 nemini
1681 1403 1865 1441 unquam

275 1450 405 1489 defuit
435 1463 510 1489 sua
537 1455 676 1489 castra
703 1455 858 1491 secuto.
885 1453 1041 1503 Cuique
1069 1465 1213 1491 versus
1242 1453 1475 1502 gratulatus
1502 1456 1583 1499 est;
1619 1453 1769 1503 cuique
1804 1464 1866 1491 re-

276 1513 442 1564 scripsit
463 1512 568 1550 nihil
590 1513 775 1560 suavius,
800 1514 903 1552 nihil
931 1515 1097 1562 cultius,
1122 1515 1225 1552 nihil
1256 1527 1441 1566 unquam
1468 1515 1619 1565 legisse
1639 1514 1865 1565 jucundius

273 1575 503 1614 versiculis.
529 1575 747 1625 Ingenium
769 1576 918 1627 cuique
939 1578 1156 1624 concessit,
1176 1581 1214 1616 et
1235 1577 1467 1625 scientiam,
1485 1581 1525 1615 et
1546 1577 1801 1623 facundiam,
1827 1579 1866 1615 et

274 1637 522 1677 modestiam
545 1642 585 1677 et
602 1638 798 1677 honestos
826 1650 976 1677 mores.
1003 1639 1042 1677 Si
1077 1639 1168 1690 quis
1190 1639 1401 1690 quoddam
1432 1650 1588 1677 novum
1617 1650 1722 1690 opus
1752 1639 1865 1690 typis

337 1793 365 1823 4.
389 1791 506 1833 Nuyce,
531 1791 588 1831 III,
611 1791 662 1823 86.
685 1809 724 1815 -—
746 1791 913 1824 Similiter
934 1792 969 1824 in
992 1792 1158 1824 honorem
1181 1791 1299 1824 Budaei
1330 1791 1393 1823 hos
1417 1800 1538 1824 versus
1560 1790 1730 1824 condebat
1753 1802 1758 1823 :

522 1904 556 1930 L't
577 1904 658 1930 Pater
679 1905 855 1939 omnipotens
877 1905 1022 1931 hominum
1042 1906 1241 1932 oldwutescerc
1261 1907 1368 1931 mentes

593 1945 677 1977 Vidit,
699 1949 724 1971 et
746 1946 773 1971 in
794 1954 885 1972 mores
906 1946 1076 1981 degenerare
1097 1947 1180 1978 feros,

524 1987 637 2013 Pallada
659 1988 770 2013 turbato
790 1987 934 2013 discedere
952 1987 1037 2023 jussit
1059 1989 1093 2014 ab
1113 1989 1190 2018 orbe,

593 2028 752 2063 Coi-rigeret
771 2028 866 2063 populi
887 2029 953 2054 dum
974 2029 1118 2055 malefacta
1140 2030 1182 2055 sui
1205 2038 1210 2056 2

519 2069 581 2095 Mox
601 2070 698 2096 orbem
718 2078 800 2096 omne
820 2078 919 2105 genus,
942 2071 1013 2097 tacto
1034 2071 1108 2097 velut
1129 2071 1251 2106 agmine,
1273 2071 1363 2097 morbi

593 2111 745 2143 Invadunt,
767 2112 871 2146 passim
892 2120 1010 2146 corpora
1030 2116 1108 2146 peste
1127 2113 1229 2138 cadunt
1253 2121 1258 2139 z

520 2151 644 2187 Regibus
664 2153 770 2179 interea
791 2153 977 2183 discordibus,
1000 2153 1094 2179 omnia
1114 2154 1186 2180 bello

580 2193 744 2225 Miscentur,
767 2194 830 2220 fuso
850 2197 923 2220 terra
944 2202 1044 2220 cruore
1065 2195 1145 2221 rubet
1167 2204 1173 2222 :

511 2235 573 2261 Non
594 2244 674 2261 secus
695 2244 726 2261 ac
747 2239 868 2270 segetem
889 2244 952 2261 cum
973 2236 1085 2261 flamma
1105 2236 1262 2264 furentibus
1283 2239 1393 2264 Austris

585 2276 695 2305 Incidit,
717 2286 748 2302 ac
772 2279 844 2303 totos
865 2277 1053 2311 depopulatur
1072 2287 1164 2312 agros.

517 2317 589 2343 Hinc
610 2321 767 2344 monstrum
787 2317 925 2352 pejusque
945 2318 1049 2344 malum
1070 2318 1217 2353 irrepsisse
1237 2320 1380 2346 fatendum
1402 2324 1452 2349 est,

574 2359 747 2388 Bnrhnriem,
769 2368 831 2394 quer
852 2368 926 2385 nunc
947 2360 991 2385 dat
1014 2360 1148 2385 moritura
1169 2370 1268 2387 manus
1290 2369 1295 2387 ζ

521 2400 590 2426 Nam
611 2401 718 2426 calamo
738 2404 849 2434 arrepto
870 2404 925 2426 tnui
945 2410 1047 2426 saevam
1067 2402 1192 2428 contudit
1212 2402 1330 2437 hydram

574 2441 703 2471 Budoeus,
726 2450 781 2475 quo
802 2442 839 2466 nil
860 2442 962 2467 clarius
983 2442 1058 2467 orbis
1079 2442 1160 2468 habet
1184 2452 1189 2470 z

519 2481 625 2508 Excitat
646 2482 690 2508 hic
711 2482 838 2508 homines
859 2483 954 2516 lingua
975 2483 1112 2509 facundus
1134 2488 1260 2520 utraque,

574 2524 677 2550 Evocat
696 2532 710 2549 a
733 2524 817 2553 vitiis,
840 2524 931 2549 erudit
951 2527 1035 2558 atquc
1055 2525 1121 2558 polit
1145 2534 1150 2552 :

521 2564 609 2589 Verus
630 2567 660 2590 ut
677 2564 814 2598 interpres
834 2565 930 2590 divum
952 2566 1130 2598 praestantior
1151 2567 1271 2601 tlrpheo,

573 2605 646 2631 Saxa
666 2606 727 2631 licet
749 2608 833 2631 cantu
854 2606 969 2631 traxerit
991 2606 1035 2631 illc
1056 2615 1107 2632 =suo
1129 2615 1134 2633 1

522 2646 591 2672 Ecce
611 2647 690 2672 horim
711 2647 828 2672 redeunt
849 2649 932 2677 artes,
955 2647 1088 2673 redeunte
1110 2648 1244 2679 Minerva,

574 2687 685 2713 I‘lncato
705 2688 823 2713 redeunt
843 2688 937 2713 omnia
958 2688 1018 2713 laeta
1040 2688 1106 2719 Deo,

524 2728 658 2754 Redditus
678 2728 820 2762 Hesperiis
842 2729 921 2754 nobis
944 2729 1109 2754 Francis-cus
1130 2729 1165 2754 ab
1185 2729 1251 2761 oris,

576 2768 635 2795 Rex
655 2772 759 2799 nostor,
782 2769 879 2799 doctis,
903 2770 1001 2794 doctus
1021 2772 1047 2795 et.
1066 2770 1134 2803 ipse,
1156 2769 1229 2795 favet
1251 2778 1257 2795 ;

522 2809 594 2841 Quid
614 2812 700 2835 restat
720 2810 820 2844 placidi
841 2810 894 2836 nisi
915 2810 988 2835 dona
1007 2818 1160 2843 agnoscere
1180 2810 1240 2836 coeli
1253 2810 1266 2835 ζ’

575 2850 662 2885 Inque
682 2851 745 2877 data
765 2851 887 2886 reliquos
908 2851 1002 2877 vivere
1022 2859 1089 2885 pace
1109 2851 1190 2877 dies?

336 2951 367 2981 2.
392 2948 478 2982 Vide
501 2960 616 2992 supra,
635 2961 669 2994 p.
687 2953 740 2985 «17.

340 2998 368 3029 3.
392 2997 510 3038 Nuyoe,
534 2998 622 3035 Vlll,
646 3000 696 3037 46,
719 2999 769 3030 66.
